% Guidelines for references:
% * Don't show 'n.d.' if there's no date
% * Include all authors' full names
% * Proceedings format: Names. Title. Venue, publisher (Year). Pages.
% * Journal format: Names. Title. Journal Volume Issue (Year), Pages.
% * Online attributed: Author. Title. URL.
% * Online non-attributed: Title. URL.
%
% Formatting changes:
% * Try to remove 'Retrieved from' and 'pp'
%
% Checks to perform:
% * Are author names correct?
% * Are conference names consistent?
% * Are page numbers right?
% * Are years correct?
% * Is the title correct, with the right casing?
%
% Should probably have a urldate or a year for each one.
@preamble{"
\def\articleno#1{Article #1}
\def\paperno#1{Paper #1}
\def\toappear{To appear}
\def\pubmit{The MIT Press}
\def\pubieee{IEEE}
\def\pubacm{ACM}
\def\pubwiley{John Wiley \& Sons, Ltd.}
\def\pubspringer{Springer}
\def\pubelsevier{Elsevier}
\def\pubmorgankaufmann{Morgan Kaufmann}
\def\pubemerald{Emerald Group Publishing Limited}
\def\journalspae{Software---Practice and Experience}
\def\journalsoftware{IEEE Software}
\def\journalcacm{Communications of the ACM}
\def\journaljvlc{Journal of Visual Languages and Computing}
\def\journalmms{International Journal of Man-Machine Studies}
\def\journaltosem{ACM Transactions on Software Engineering and Methodology}
\def\journaltse{IEEE Transactions on Software Engineering}
\def\journaltochi{ACM Transactions on Computer-Human Interaction}
\def\journalsigplan{ACM SIGPLAN Notices}
\def\confinteract{Proceedings of the International Conference on Human-Computer Interaction}
\def\confoopsla{Proceedings of the Conference on Object-Oriented Programming Systems, Languages, and Applications}
\def\confpldi{Proceedings of the Conference on Programming Language Design and Implementation}
\def\confcscw{Proceedings of the Conference on Computer-Supported Cooperative Work and Social Computing}
\def\confpopl{Proceedings of SIGPLAN Symposium on Principles of Programming Languages}
\def\conficsme{Proceedings of the International Conference on Software Maintenance and Evolution}
\def\conffsesymposium{Proceedings of the International Symposium on Foundations of Software Engineering}
\def\conffsemeeting{Proceedings of the Joint Meeting on Foundations of Software Engineering}
\def\conficsm{Proceedings of the International Conference on Software Maintenance}
\def\confcgit{Proceedings of the International Conference on Computer Graphics and Interactive Techniques}
\def\confaaai{Proceedings of the AAAI Conference on Artificial Intelligence}
\def\confchi{Proceedings of the CHI Conference on Human Factors in Computing Systems}
\def\confemnlp{Proceedings of the Conference on Empirical Methods in Natural Language Processing}
\def\confiui{Proceedings of the International Conference on Intelligent User Interfaces}
\def\confuist{Proceedings of the Symposium on User Interface Software and Technology}
\def\confase{Proceedings of the International Conference on Automated Software Engineering}
\def\confissta{Proceedings of the International Symposium on Software Testing and Analysis}
\def\conffase{Proceedings of the International Conference on Fundamental Approaches to Software Engineering}
\def\conficpc{Proceedings of the International Conference on Program Comprehension}
\def\conficse{Proceedings of the International Conference on Software Engineering}
\def\confchase{Proceedings of the International Workshop on Cooperative and Human Aspects of Software Engineering}
\def\confacl{Proceedings of the Annual Meeting of the Association for Computational Linguistics}
\def\confvlhcc{Proceedings of the Symposium on Visual Languages and Human-Centric Computing}
\def\conflas{Proceedings of the Conference on Learning at Scale}
\def\confisese{Proceedings of the International Symposium on Empirical Software Engineering}
\def\confsigcse{Proceedings of the Technical Symposium on Computer Science Education}
\def\confwcre{Proceedings of the Working Conference on Reverse Engineering}
\def\confhatra{Proceedings the Workshop on Human Aspects of Types and Reasoning Assistants}
\def\confonward{Proceedings the Symposium on New Ideas in Programming and Reflections on Software}
\def\confvldb{Proceedings of the International Conference on Very Large Data Bases}
"}
%%% ARTICLES
% Don't bother including publisher
@article{ref:allen1999mixed,
  title = {Mixed-initiative interaction},
  author = {Allen, James F.},
  volume = {14},
  number = {5},
  pages = {14--16},
  year = {1999},
  journal = {IEEE Intelligent Systems and their Applications},
  journaltitle = {IEEE Intelligent Systems and their Applications}
}

@article{ref:anderson1984learning,
  title = {Learning to program in LISP},
  author = {Anderson, John R. and Farrell, Robert and Sauers, Ron},
  volume = {8},
  number = {2},
  pages = {87--129},
  year = {1984},
  journaltitle = {Cognitive Science}
}

@article{ref:antlr,
  title = {ANTLR: A Predicated-{\textit{LL(k)}} Parser Generator},
  author = {Parr, T. J. and Quong, R. W.},
  volume = {25},
  number = {7},
  pages = {789--810},
  year = {1995},
  journaltitle = {\journalspae}
}

@article{ref:baltes2019usage,
  title = {Usage and attribution of Stack Overflow code snippets in GitHub projects},
  author = {Baltes, Sebastian and Diehl, Stephan},
  year = {2019},
  journaltitle = {Empirical Software Engineering},
  volume = {24},
  pages = {1259--1295}
}

@article{ref:bazerman1985physicists,
  title = {Physicists Reading Physics: Schema-Laden Purposes and Purpose-Laden Schema},
  author = {Bazerman, Charles},
  volume = {2},
  number = {1},
  pages = {3--23},
  year = {1985},
  journaltitle = {Written Communication}
}

@article{ref:beck2001aim,
  title = {Aim, fire},
  author = {Beck, Kent},
  volume = {18},
  number = {5},
  pages = {87--89},
  year = {2001},
  journaltitle = {\journalsoftware}
}

@article{ref:bentley1986programming,
  title = {Programming pearls: A literate program},
  author = {Bentley, Jon and Knuth, Don and McIlroy, Doug},
  volume = {29},
  number = {6},
  pages = {471--483},
  year = {1986},
  journaltitle = {Communications of the ACM}
}

@article{ref:binkley2004survey,
  title = {A Survey of Empirical Results on Program Slicing},
  author = {Binkley, David and Harman, Mark},
  volume = {62},
  pages = {105--178},
  year = {2004},
  journaltitle = {Advances in Computers},
  editor = {Marvin V. Zelkowitz},
  journaltitle = {Advances in Computers}
}

@article{ref:binkley2013impact,
  title = {The impact of identifier style on effort and comprehension},
  author = {Binkley, Dave and Davis, Marcia and Lawrie, Dawn and Maletic, Jonathan I. and Morrell, Christopher and Sharif, Bonita},
  volume = {18},
  pages = {219--276},
  year = {2013},
  journaltitle = {Empirical Software Engineering}
}

@article{ref:boehmdavis1992role,
  title = {The role of program structure in software maintenance},
  author = {Boehm-Davis, Deborah A. and Holt, Robert W. and Schultz, Alan C.},
  volume = {36},
  number = {1},
  pages = {21--63},
  year = {1992},
  journaltitle = {\journalmms}
}

@article{ref:brooks1983towards,
  title = {Towards a theory of the comprehension of computer programs},
  author = {Brooks, Ruven},
  volume = {18},
  number = {6},
  pages = {543--554},
  year = {1983},
  journaltitle = {\journalmms}
}

@article{ref:buse2009learning,
  title = {Learning a Metric for Code Readability},
  author = {Buse, Raymond P.L. and Weimer, Westley R.},
  volume = {36},
  number = {4},
  pages = {546--558},
  year = {2010},
  journaltitle = {\journaltse}
}

@article{ref:card1991morphological,
  title = {A Morphological Analysis of the Design Space of Input Devices},
  author = {Card, Stuart K. and Mackinlay, Jock D. and Robertson, George G.},
  volume = {9},
  number = {2},
  pages = {99--122},
  year = {1991},
  journaltitle = {Transactions on Information Systems}
}

@article{ref:childs1992literate,
  title = {Literate Programming, A Practioner's View},
  author = {Childs, Bart},
  volume = {13},
  number = {3},
  journaltitle = {TUGboat},
  year = {1992}
}

@article{ref:childs1995teaching,
  title = {Teaching CS/1 Courses in a Literate Manner},
  author = {Childs, Bart and Dunn, Deborah and Lively, William},
  volume = {16},
  number = {3},
  pages = {8},
  year = {1995},
  journaltitle = {TUGboat}
}

@article{ref:clancy1992case,
  title = {Case Studies in the Classroom},
  author = {Clancy, Michael J. and Linn, Marcia C.},
  volume = {24},
  number = {1},
  pages = {220--224},
  year = {1992},
  journaltitle = {SIGCSE Bulletin}
}

@article{ref:dagenais2014using,
  title = {Using Traceability Links to Recommend Adaptive Changes for Documentation Evolution},
  author = {Dagenais, Barth\'{e}l\'{e}my and Robillard, Martin P.},
  publisher = {IEEE},
  volume = {40},
  number = {11},
  pages = {1126--1146},
  year = {2014},
  journaltitle = {\journaltse}
}

@article{ref:feigenspan2013background,
  title = {Do background colors improve program comprehension in the \#ifdef hell?},
  author = {Feigenspan, Janet and K\"{a}stner, Christian and Apel, Sven and Liebig, J\"{o}rg and Schulze, Michael and Dachselt, Raimund and Papendieck, Maria and Leich, Thomas and Saake, Gunter},
  publisher = {\pubspringer},
  volume = {18},
  pages = {699--745},
  year = {2013},
  journaltitle = {Empirical Software Engineering}
}

@article{ref:glassman2015overcode,
  title = {OverCode: Visualizing Variation in Student Solutions to Programming Problems at Scale},
  author = {Glassman, Elena L. and Scott, Jeremy and Singh, Rishabh and Guo, Philip J. and Miller, Robert C.},
  volume = {22},
  number = {2},
  pages = {7:1--7:35},
  year = {2015},
  journaltitle = {\journaltochi}
}

@article{ref:goldman2009codetrail,
  title = {Codetrail: Connecting source code and web resources},
  author = {Goldman, Max and Miller, Robert C.},
  publisher = {\pubelsevier},
  volume = {20},
  pages = {223--235},
  year = {2009},
  journaltitle = {\journaljvlc}
}

@article{ref:goues2019automated,
  title = {Automated Program Repair},
  author = {Le Goues, Claire and Pradel, Michael and Roychoudhury, Abhik},
  volume = {62},
  number = {12},
  pages = {56--65},
  year = {2019},
  journaltitle = {\journalcacm}
}

@article{ref:gulwani2017program,
  title = {Program synthesis},
  author = {Gulwani, Sumit and Polozov, Oleksandr and Singh, Rishabh},
  publisher = {now Publishers Inc.},
  volume = {4},
  number = {1-2},
  pages = {1--119},
  year = {2017},
  journaltitle = {Foundations and Trends in Programming Languages}
}

@article{ref:hannebauer2018does,
  title = {Does syntax highlighting help programming novices?},
  author = {Hannebauer, Christoph and Hesenius, Marc and Gruhn, Volker},
  publisher = {\pubspringer},
  volume = {23},
  pages = {2795--2828},
  year = {2018},
  journaltitle = {Empirical Software Engineering}
}

@article{ref:harman1997amorphous,
  title = {Amorphous program slicing},
  author = {Harman, Mark and Binkley, David and Danicic, Sebastian},
  year = {2003},
  volume = {68},
  number = {1},
  pages = {45--64},
  journaltitle = {The Journal of Systems and Software},
}

@article{ref:holmes2012systematizing,
  title = {Systematizing Pragmatic Software Reuse},
  author = {Holmes, Reid and Walker, Robert J.},
  volume = {21},
  number = {4},
  year = {2012},
  journaltitle = {\journaltosem}
}

@article{ref:horwitz1990interprocedural,
  title = {Interprocedural Slicing Using Dependence Graphs},
  author = {Horwitz, Susan and Reps, Thomas and Binkley, David},
  volume = {12},
  number = {1},
  pages = {26--60},
  year = {1990},
  journaltitle = {ACM Transactions on Programming Languages and Systems}
}

@article{ref:johnson2010learning,
  title = {Learning to be a programmer in a complex organization},
  author = {Johnson, Maggie and Senges, Max},
  publisher = {\pubemerald},
  year = {2010},
  volume = {22},
  number = {3},
  pages = {180--194},
  journaltitle = {Journal of Workplace Learning}
}

@article{ref:kandel2012enterprise,
  title = {Enterprise Data Analysis and Visualization: An Interview Study},
  author = {Kandel, Sean and Paepcke, Andreas and Hellerstein, Joseph M. and Heer, Jeffrey},
  publisher = {IEEE},
  volume = {18},
  number = {12},
  pages = {2917--2926},
  year = {2012},
  journaltitle = {Transactions on Visualization and Computer Graphics}
}

@article{ref:knuth1984literate,
  title = {Literate Programming},
  author = {Knuth, Donald E.},
  publisher = {Oxford University Press},
  volume = {27},
  number = {2},
  pages = {97--111},
  year = {1984},
  journaltitle = {The Computer Journal}
}

@article{ref:lau2009programming,
  title = {Why Programming by Demonstration Systems Fail: Lessons learned for Usable AI},
  author = {Lau, Tessa},
  volume = {30},
  number = {4},
  pages = {65--67},
  year = {2009},
  journaltitle = {AI Magazine}
}

@article{ref:lee2019automatic,
  title = {Automatic Detection and Update Suggestion for Outdated API Names in Documentation},
  author = {Lee, Seonah and Wu, Rongxin and Cheung, Shing-Chi and Kang, Sungwon},
  publisher = {IEEE},
  year = {2019},
  note = {\toappear},
  journaltitle = {\journaltse}
}

@article{ref:lethbridge2003software,
  title = {How Software Engineers Use Documentation: The State of the Practice},
  author = {Lethbridge, Timothy C. and Singer, Janice and Forward, Andrew},
  publisher = {IEEE},
  volume = {20},
  number = {6},
  pages = {35--39},
  year = {2003},
  journaltitle = {\journalsoftware}
}

@article{ref:letovsky1986delocalized,
  title = {Delocalized Plans and Program Comprehension},
  author = {Letovsky, Stanley and Soloway, Elliot},
  publisher = {IEEE},
  volume = {3},
  number = {3},
  pages = {41--49},
  year = {1986},
  journaltitle = {\journalsoftware}
}

@article{ref:lin2007suggestions,
  title = {Suggestions for content selection and presentation in high school computer textbooks},
  author = {Lin, Janet Mei-Chuen and Wu, Cheng-Chih},
  publisher = {\pubelsevier},
  volume = {48},
  number = {3},
  pages = {508--521},
  year = {2007},
  journaltitle = {Computers \& Education}
}

@article{ref:linn1992case,
  title = {The case for case studies of programming problems},
  author = {Linn, Marcia C. and Clancy, Michael J.},
  volume = {35},
  number = {3},
  pages = {121--132},
  year = {1992},
  journaltitle = {\journalcacm}
}

@article{ref:littman1987mental,
  title = {Mental Models and Software Maintenance},
  author = {Littman, David C. and Pinto, Jeannine and Letovsky, Stanley and Soloway, Elliot},
  publisher = {\pubelsevier},
  volume = {7},
  number = {4},
  pages = {341--355},
  year = {1987},
  journaltitle = {The Journal of Systems and Software}
}

@article{ref:macleod2017documenting,
  title = {Documenting and sharing software knowledge using screencasts},
  author = {MacLeod, Laura and Bergen, Andreas and Storey, Margaret-Anne},
  publisher = {\pubspringer},
  volume = {22},
  pages = {1478--1507},
  year = {2017},
  journaltitle = {Empirical Software Engineering}
}

@article{ref:mahoney2018storyteller,
  title = {Storyteller: a Tool for Creating Worked Examples},
  author = {Mahoney, Mark},
  volume = {34},
  number = {1},
  pages = {137--144},
  year = {2018},
  journaltitle = {Journal of Computing Sciences in Colleges}
}

@article{ref:miara1983program,
  title = {Program indentation and comprehensibility},
  author = {Miara, Richard J. and Musselman, Joyce A. and Navarro, Juan A. and Shneiderman, Ben},
  volume = {26},
  number = {11},
  pages = {861--867},
  year = {1983},
  journaltitle = {\journalcacm}
}

@article{ref:murphyhill2008refactoring,
  title = {Refactoring Tools: Fitness for Purpose},
  author = {Murphy-Hill, Emerson and Black, Andrew P.},
  volume = {25},
  number = {5},
  year = {2008},
  journaltitle = {\journalsoftware}
}

@article{ref:myers2000programming,
  title = {Intelligence in Demonstrational Interfaces},
  author = {Myers, Brad A. and McDaniel, Richard and Wolber, David},
  volume = {43},
  number = {3},
  pages = {82--89},
  year = {2000},
  journaltitle = {\journalcacm}
}

@article{ref:nielebock2019commenting,
  title = {Commenting source code: is it worth it for small programming tasks?},
  author = {Nielebock, Sebastian and Krolikowski, Dariusz and Kr\"{u}ger, Jacob and Leich, Thomas and Ortmeier, Frank},
  volume = {24},
  pages = {1418--1457},
  year = {2019},
  journaltitle = {Empirical Software Engineering}
}

@article{ref:oman1990typographic,
  title = {Typographic Style is More than Cosmetic},
  author = {Oman, Paul W. and Cook, Curtis R.},
  year = {1990},
  journal = {\journalcacm},
  volume = {33},
  number = {5},
  pages = {506--520}
}

@article{ref:ottenstein1984program,
  title = {The program dependence graph in a software development environment},
  author = {Ottenstein, Karl J. and Ottenstein, Linda M.},
  volume = {19},
  number = {5},
  pages = {177--184},
  year = {1984},
  journaltitle = {\journalsigplan}
}

@article{ref:pennington1987stimulus,
  title = {Stimulus Structures and Mental Representations in Expert Comprehension of Computer Programs},
  author = {Pennington, Nancy},
  volume = {19},
  number = {3},
  pages = {295--341},
  year = {1987},
  journaltitle = {Cognitive Psychology}
}

@article{ref:pirolli1994learning,
  title = {Learning Strategies and Transfer in the Domain of Programming},
  author = {Pirolli, Peter and Recker, Margaret},
  volume = {12},
  number = {3},
  pages = {235--275},
  year = {1994},
  journaltitle = {Cognition and Instruction}
}

@article{ref:ramsey1991literate,
  title = {Literate Programming on a Team Project},
  author = {Ramsey, Norman and Marceau, Carla},
  volume = {21},
  number = {7},
  pages = {677--683},
  year = {1991},
  journaltitle = {\journalspae}
}

@article{ref:ramsey1994literate,
  title = {Literate programming simplified},
  author = {Ramsey, Norman},
  volume = {11},
  number = {5},
  pages = {97--105},
  year = {1994},
  journaltitle = {\journalsoftware}
}

@article{ref:robillard2009makes,
  title = {{What} {Makes} {APIs} {Hard} to {Learn?} {Answers} from {Developers}},
  author = {Robillard, Martin P.},
  volume = {26},
  number = {6},
  pages = {27--34},
  year = {2009},
  journaltitle = {\journalsoftware}
}

@article{ref:robillard2011field,
  title = {A field study of API learning obstacles},
  author = {Robillard, Martin P. and Deline, Robert},
  volume = {16},
  pages = {703--732},
  year = {2011},
  journaltitle = {Empirical Software Engineering}
}

@article{ref:rosson1996reuse,
  title = {The Reuse of Uses in Smalltalk Programming},
  author = {Rosson, Mary Beth and Carroll, John M.},
  volume = {3},
  number = {3},
  pages = {219--253},
  year = {1996},
  journaltitle = {\journaltochi}
}

@article{ref:schmalhofer1986three,
  title = {Three Components of Understanding a Programmer's manual: Verbatim, Propositional, and Situational Representations},
  author = {Schmalhofer, Franz and Glavanov, Doris},
  volume = {25},
  number = {3},
  pages = {279--294},
  year = {1986},
  journaltitle = {Journal of Memory and Language}
}

@article{ref:schulte2012orgmode,
  title = {A Multi-Language Computing Environment for Literate Programming and Reproducible Research},
  author = {Schulte, Eric and Davison, Dan and Dye, Thomas and Dominik, Carsten},
  volume = {46},
  number = {3},
  pages = {1--24},
  year = {2012},
  journaltitle = {Journal of Statistical Software}
}

@article{ref:shneiderman1979syntactic,
  title = {Syntactic/Semantic Interactions in Programmer Behavior: A Model and Experimental Results},
  author = {Shneiderman, Ben and Mayer, Richard},
  volume = {8},
  number = {3},
  pages = {219--238},
  year = {1979},
  journaltitle = {International Journal of Computer and Information Sciences}
}

@article{ref:silva2012vocabulary,
  title = {A Vocabulary of Program Slicing-Based Techniques},
  author = {Silva, Josep},
  volume = {44},
  number = {3},
  pages = {12:1--12:41},
  year = {2012},
  journaltitle = {ACM Computing Surveys}
}

@article{ref:soloway1984empirical,
  title = {Empirical Studies of Programming Knowledge},
  author = {Soloway, Elliot and Ehrlich, Kate},
  volume = {SE-10},
  number = {5},
  pages = {595--609},
  year = {1984},
  journaltitle = {\journaltse}
}

@article{ref:tanimoto1990viva,
  title = {VIVA: A Visual Language for Image Processing},
  author = {Tanimoto, Steven L.},
  volume = {1},
  number = {2},
  pages = {127--139},
  year = {1990},
  journaltitle = {\journaljvlc}
}

@article{ref:tashtoush2013impact,
  title = {Impact of Programming Features on Code Readability},
  author = {Tashtoush, Yahya and Odat, Zeinab and Alsmadi, Izzat and Yatim, Maryan},
  year = {2013},
  volume = {7},
  number = {6},
  pages = {441--458},
  journaltitle = {International Journal of Software Engineering and Its Applications}
}

@article{ref:thimbleby1986experiences,
  title = {Experiences of `Literate Programming' using cweb (a variant of Knuth's WEB)},
  author = {Thimbleby, H.},
  volume = {29},
  number = {3},
  pages = {201--211},
  year = {1986},
  journaltitle = {The Computer Journal}
}

@article{ref:tip1995survey,
  title = {A Survey of Program Slicing Techniques},
  author = {Tip, Frank},
  volume = {3},
  number = {3},
  pages = {121--189},
  year = {1995},
  journaltitle = {Journal of Programming Languages}
}

@article{ref:uddin2015api,
  title = {How {API} Documentation Fails},
  author = {Uddin, Gias and Robillard, Martin P.},
  volume = {32},
  number = {4},
  pages = {68--75},
  year = {2015},
  journaltitle = {\journalsoftware}
}

@article{ref:vanderlindenimpact2020impact,
  title = {The impact of surface features on choice of (in)secure answers by Stackoverflow readers},
  author = {van der Linden, Dirk and Williams, Emma and Hallett, Joseph and Rashid, Awais},
  year = {2020},
  note = {To appear},
  journaltitle = {\journaltse}
}

@article{ref:vandermeij2009three,
  title = {Three Decades of Research and Professional Practice on Printed Software Tutorials for Novices},
  author = {{van der Meij}, Hans and Karreman, Joyce and Steehouder, Micha\"{e}l},
  volume = {56},
  number = {3},
  pages = {265--292},
  year = {2009},
  journaltitle = {Technical Communication}
}

@article{ref:vanwyck1990literate,
  title = {Literate programming: An assessment},
  author = {Van Wyk, Christopher J.},
  volume = {33},
  number = {3},
  pages = {361--363},
  year = {1990},
  journaltitle = {\journalcacm}
}

@article{ref:wang2014automatic,
  title = {Automatic Segmentation of Method Code into Meaningful Blocks: Design and Evaluation},
  author = {Wang, Xiaoran and Pollock, Lori and Vijay-Shanker, K.},
  volume = {26},
  number = {1},
  pages = {27--49},
  year = {2014},
  journaltitle = {Journal of Software: Evolution and Process}
}

@article{ref:wiedenbeck1993characteristics,
  title = {Characteristics of the mental representations of novice and expert programmers: an empirical study},
  author = {Wiedenbeck, Susan and Fix, Vikki and Scholtz, Jean},
  volume = {39},
  number = {5},
  pages = {793--812},
  year = {1993},
  journaltitle = {\journalmms}
}

@article{ref:wobbrock2016research,
  title = {Research Contributions in Human-Computer Interaction},
  author = {Wobbrock, Jacob O. and Kientz, Julie A.},
  volume = {23},
  number = {3},
  pages = {38--44},
  year = {2016},
  journaltitle = {ACM Interactions}
}

@article{ref:wu2019developers,
  title = {How Do Developers Utilize Source Code from Stack Overflow?},
  author = {Wu, Yuhao and Wang, Shaowei and Bezemer, Cor-Paul and Inoue, Katsuro},
  volume = {24},
  pages = {637--673},
  year = {2019},
  journaltitle = {Empirical Software Engineering}
}

@article{ref:xia2017developers,
  title = {What do developers search for on the web?},
  author = {Xia, Xin and Bao, Lingfeng and Lo, David and Kochhar, Pavneet Singh and Hassan, Ahmed E. and Xing, Zhenchang},
  volume = {22},
  pages = {3149--3185},
  year = {2017},
  journaltitle = {Empirical Software Engineering}
}

@article{ref:zeller2002simplifying,
  title = {Simplifying and Isolating Failure-Inducing Input},
  author = {Zeller, Andreas and Hildebrandt, Ralf},
  volume = {28},
  number = {2},
  pages = {183--200},
  year = {2002},
  journaltitle = {\journaltse}
}

% Continue from here
@book{ref:backus1956fortran,
  title = {Fortran: Automatic Coding System for the IBM 704 EDPM},
  author = {Backus, J. W. and Beeber, R. J. and Best, S. and Goldberg, R. and Herrick, H. L. and Hughes, R. A. and Mitchell, L. B. and Nelson, R. A. and Nutt, R. and Sayre, D. and Sheridan, P. B. and Stern, H. and Ziller, I.},
  year = {1956}
}

@book{ref:booth1956automatic,
  title = {Automatic digital calculators},
  author = {Booth, Andrew D. and Booth, Kathleen H. V.},
  publisher = {Butterworths},
  edition = {3},
  year = {1956}
}

@book{ref:carroll1990nurnberg,
  title = {The Nurnberg Funnel: Designing Minimalist Instruction for Practical Computer Skill},
  author = {Carroll, John M.},
  publisher = {\pubmit},
  year = {1990}
}

@book{ref:cooper2007face,
  title = {About Face 3: The Essentials of Interaction Design},
  author = {Cooper, Alan and Reimann, Robert and Cronin, David},
  publisher = {Wiley Publishing, Inc.},
  year = {2007}
}

@book{ref:cypher1993watch,
  title = {Watch What I Do: Programming by Demonstration},
  editor = {Cypher, Allen},
  publisher = {\pubmit},
  year = {1993}
}

@book{ref:detienne2001software,
  title = {Software Design -- Cognitive Aspects},
  author = {D{\'e}tienne, Fran\c{c}oise},
  publisher = {\pubspringer},
  year = {2002}
}

@book{ref:felleisen2018design,
  title = {How to Design Programs: an Introduction to Programming and Computing},
  author = {Felleisen, Matthias and Findler, Robert Bruce and Flatt, Matthew and Krishnamurthi, Shriram},
  publisher = {\pubmit},
  edition = {2},
  year = {2018}
}

@book{ref:fowler2018refactoring,
  title = {Refactoring: Improving the Design of Existing Code},
  author = {Fowler, Martin},
  publisher = {Addison-Wesley Professional},
  edition = {2},
  year = {2018}
}

@book{ref:howtocodeinpython3,
  title = {How to Code in Python 3},
  author = {Tagliaferri, Lisa},
  publisher = {DigitalOcean},
  url = {https://www.digitalocean.com/community/tutorial_series/how-to-code-in-python-3},
  urlyear = {2020-05-06}
}

@book{ref:jones1992design,
  title = {Design Methods},
  author = {Jones, John Chris},
  publisher = {\pubwiley},
  edition = {2},
  year = {1992}
}

@book{ref:knuth1986tex,
  title = {\TeX: The Program},
  author = {Knuth, Donald E.},
  year = {1986},
  publisher = {Addison-Wesley}
}

@book{ref:krippendorff2018content,
  title = {Content Analysis: An Introduction to Its Methodology},
  author = {Krippendorff, Klaus},
  publisher = {SAGE Publications, Inc.},
  year = {2013},
  edition = {3}
}

@book{ref:sacks1994onthejob,
  title = {On-the-Job Learning in the Software Industry: Corporate Culture and the Acquisition of Knowledge},
  author = {Sacks, Marc},
  publisher = {Quorum Books},
  year = {1994}
}

@book{ref:stasko1998software,
  title = {Software Visualization: Programming as a Multimedia Experience},
  editor = {Stasko, John and Domingue, John and Brown, Marc H. and Price, Blaine A.},
  publisher = {\pubmit},
  year = {1998}
}

@book{ref:weiss1995learning,
  title = {Learning from Strangers: The Art and Method of Qualitative Interview Studies},
  author = {Weiss, Robert S.},
  publisher = {The Free Press},
  year = {1995}
}

@inproceedings{ref:agrawal1990dynamic,
  title = {Dynamic Program Slicing},
  author = {Agrawal, Hiralal and Horgan, Joseph R.},
  booktitle = {\confpldi},
  pages = {246--256},
  publisher = {ACM},
  year = {1990}
}

@inproceedings{ref:allamanis2014mining,
  title = {Mining Idioms from Source Code},
  author = {Allamanis, Miltiadis and Sutton, Charles},
  booktitle = {\conffsesymposium},
  pages = {472--483},
  year = {2014}
}

@inproceedings{ref:anderson2001software,
  title = {Software Inspection using CodeSurfer},
  author = {Anderson, Paul and Teitelbaum, Tim},
  booktitle = {Workshop on Inspection in Software Engineering},
  pages = {4--11},
  year = {2001}
}

@inproceedings{ref:barik2016quick,
  title = {From Quick Fixes to Slow Fixes: Reimagining Static Analysis Resolutions to Enable Design Space Exploration},
  author = {Barik, Titus and Song, Yoonki and Johnson, Brittany and Murphy-Hill, Emerson},
  booktitle = {\conficsme},
  publisher = {IEEE},
  pages = {211--221},
  year = {2016}
}

@inproceedings{ref:beltagy2019scibert,
  title = {SciBERT: A Pretrained Language Model for Scientific Text},
  author = {Beltagy, Iz and Lo, Kyle and Cohan, Arman},
  year = {2019},
  booktitle = {\confemnlp},
  publisher = {Association for Computational Linguistics},
  pages = {3615--3620}
}

@inproceedings{ref:boshernitsan2007aligning,
  title = {Aligning Development Tools with the Way Programmers Think About Code Changes},
  author = {Boshernitsan, Marat and Graham, Susan L. and Hearst, Marti A.},
  booktitle = {\confchi},
  pages = {567--576},
  publisher = {ACM},
  year = {2007}
}

@inproceedings{ref:bragdon2010code,
  title = {Code Bubbles: A Working Set-based Interface for Code Understanding and Maintenance},
  author = {Bragdon, Andrew and Zeleznik, Robert and Reiss, Steven P. and Karumuri, Suman and Cheung, William and Kaplan, Joshua and Coleman, Christopher and Adeputra, Ferdi and LaViola Jr., Joseph J.},
  booktitle = {\confchi},
  publisher = {ACM},
  pages = {2503--2512},
  year = {2010}
}

@inproceedings{ref:brandt2009two,
  title = {Two Studies of Opportunistic Programming: Interleaving Web Foraging, Learning, and Writing Code},
  author = {Brandt, Joel and Guo, Philip J. and Lewenstein, Joel and Dontcheva, Mira and Klemmer, Scott R.},
  booktitle = {\confchi},
  publisher = {ACM},
  pages = {1589--1598},
  year = {2009}
}

@inproceedings{ref:brandt2011example,
  title = {Example-Centric Programming: Integrating Web Search into the Development Environment},
  author = {Brandt, Joel and Dontcheva, Mira and Weskamp, Marcos and Klemmer, Scott R.},
  publisher = {ACM},
  booktitle = {\confchi},
  pages = {513--522},
  year = {2010}
}

@inproceedings{ref:burden2011natural,
  title = {Natural Language Generation from Class Diagrams},
  author = {Burden, H\r{a}kan and Heldal, Rogardt},
  booktitle = {Proceedings of the International Workshop on Model-Driven Engineering, Verification and Validation},
  publisher = {ACM},
  note = {\articleno{8}},
  year = {2011}
}

@inproceedings{ref:burg2013record,
  title = {Interactive Record/Replay for Web Application Debugging},
  author = {Burg, Brian and Bailey, Richard and Ko, Amy J. and Ernst, Michael D.},
  booktitle = {\confuist},
  publisher = {ACM},
  pages = {473--483},
  year = {2013}
}

@inproceedings{ref:burg2015explaining,
  title = {explaining visual changes in web interfaces},
  author = {burg, brian and ko, amy j. and ernst, michael d.},
  booktitle = {\confuist},
  publisher = {acm},
  pages = {259--269},
  year = {2015}
}

@inproceedings{ref:burkhardt1995empirical,
  title = {An empirical study of software reuse by experts in object-oriented design},
  author = {Burkhardt, Jean-Marie and Detienne, Fran\c{c}oise},
  booktitle = {\confinteract},
  publisher = {\pubspringer},
  pages = {133--138},
  year = {1995}
}

@inproceedings{ref:buse2012synthesizing,
  title = {Synthesizing API Usage Examples},
  author = {Buse, Raymond P.L. and Weimer, Westley},
  booktitle = {\conficse},
  pages = {782--792},
  publisher = {IEEE},
  year = {2012}
}

@inproceedings{ref:busjahn2015eye,
  title = {Eye Movements in Code Reading: Relaxing the Linear Order},
  author = {Busjahn, Teresa and Bednarik, Roman and Begel, Andrew and Crosby, Martha and Paterson, James H. and Schulte, Carsten and Sharif, Bonita and Tamm, Sascha},
  booktitle = {\conficpc},
  pages = {255--265},
  publisher = {IEEE},
  year = {2015}
}

@inproceedings{ref:chasins2018rousillon,
  title = {Rousillon: Scraping Distributed Hierarchical Web Data},
  author = {Chasins, Sarah E. and Mueller, Maria and Bodik, Rastislav},
  booktitle = {\confuist},
  pages = {963--975},
  publisher = {ACM},
  year = {2018}
}

@inproceedings{ref:chen2014dynamic,
  title = {Dynamic Slicing of Python Programs},
  author = {Chen, Zhifei and Chen, Lin and Zhou, Yuming and Xu, Zhaogui and Chu, William C. and Xu, Baowen},
  booktitle = {Proceedings of the International Computers, Software and Applications Conference},
  pages = {219--228},
  publisher = {IEEE},
  year = {2014}
}

@inproceedings{ref:chen2019improv,
  title = {Improv: Teaching Programming at Scale via Live Coding},
  author = {Chen, Charles H. and Guo, Philip J.},
  booktitle = {\conflas},
  note = {\articleno{9}},
  publisher = {ACM},
  year = {2019}
}

@inproceedings{ref:chi2018doppio,
  title = {Doppio: Tracking UI Flows and Code Changes for App Development},
  author = {Chi, Pei-Yu (Peggy) and Hu, Sen-Po and Li, Yang},
  booktitle = {\confchi},
  publisher = {ACM},
  note = {\paperno{455}},
  year = {2018}
}

@inproceedings{ref:conlen2018idyll,
  title = {Idyll: A Markup Language for Authoring and Publishing Interactive Articles on the Web},
  author = {Conlen, Matthew and Heer, Jeffrey},
  booktitle = {\confuist},
  publisher = {ACM},
  pages = {977--989},
  year = {2018}
}

@inproceedings{ref:conlen2019capture,
  title = {Capture \& Analysis of Active Reading Behaviors for Interactive Articles on the Web},
  author = {Conlen, Matthew and Kale, Alex and Heer, Jeffrey},
  year = {2019},
  booktitle = {Proceedings of the Eurographics Conference on Visualization},
  pages = {687--698},
  publisher = {\pubwiley}
}

@inproceedings{ref:conlen2019launching,
  title = {Launching the Parametric Press},
  author = {Conlen, Matthew and Hohman, Fred},
  booktitle = {Visualization for Communication Workshop},
  year = {2019}
}

@inproceedings{ref:cuoq2012framac,
  title = {Frama-C: A Software Analysis Perspective},
  author = {Cuoq, Pascal and Kirchner, Florent and Kosmatov, Nikolai and Prevosto, Virgile and Signoles, Julien and Yakobowski, Boris},
  booktitle = {Proceedings of the International Conference on Software Engineering and Formal Methods},
  pages = {233--247},
  publisher = {\pubspringer},
  year = {2012}
}

@inproceedings{ref:dagenais2010creating,
  title = {Creating and Evolving Developer Documentation: Understanding the Decisions of Open Source Contributors},
  author = {Dagenais, Barth\'{e}l\'{e}my and Robillard, Martin P.},
  booktitle = {\conffsesymposium},
  pages = {127--136},
  publisher = {ACM},
  year = {2010}
}

@inproceedings{ref:daka2015modeling,
  title = {Modeling Readability to Improve Unit Tests},
  author = {Daka, Ermira and Campos, Jos\'{e} and Fraser, Gordon and Dorn, Jonathan and Weimer, Westley},
  booktitle = {\conffsemeeting},
  pages = {107--118},
  publisher = {ACM},
  year = {2015}
}

@inproceedings{ref:deline2015supporting,
  title = {Supporting Exploratory Data Analysis with Live Programming},
  author = {DeLine, Robert and Fisher, Danyel},
  booktitle = {\confvlhcc},
  pages = {111--119},
  publisher = {IEEE},
  year = {2015}
}

@inproceedings{ref:deline2015tempe,
  title = {Tempe: Live Scripting for Live Data},
  author = {DeLine, Robert and Fisher, Danyel and Chandramouli, Badrish and Goldstein, Jonathan and Barnett, Michael and Terwilliger, James and Wernsing, John},
  booktitle = {\confvlhcc},
  publisher = {IEEE},
  pages = {137--141},
  year = {2015}
}

@inproceedings{ref:dewit2009managing,
  title = {Managing Code Clones Using Dynamic Change Tracking and Resolution},
  author = {de Wit, Michiel and Zaidman, Andy and van Deursen, Arie},
  booktitle = {\conficsm},
  pages = {169--178},
  publisher = {IEEE},
  year = {2009}
}

@inproceedings{ref:dorn2010learning,
  title = {Learning on the Job: Characterizing the Programming Knowledge and Learning Strategies of Web Designers},
  author = {Dorn, Brian and Guzdial, Mark},
  booktitle = {\confchi},
  publisher = {ACM},
  pages = {703--712},
  year = {2010}
}

@inproceedings{ref:drosos2020wrex,
  title = {Wrex: A Unifed Programming-by-Example Interaction for Synthesizing Readable Code for Data Scientists},
  author = {Drosos, Ian and Barik, Titus and Guo, Philip J. and DeLine, Robert and Gulwani, Sumit},
  booktitle = {\confchi},
  publisher = {ACM},
  year = {2020},
  note = {\paperno{315}}
}

@inproceedings{ref:dunsmore2000object,
  title = {Object-Oriented Inspection in the Face of Delocalisation},
  author = {Dunsmore, Alastair and Roper, Marc and Wood, Murray},
  booktitle = {\conficse},
  pages = {467--476},
  publisher = {ACM},
  year = {2000}
}

@inproceedings{ref:fast2014emergent,
  title = {Emergent, Crowd-scale Programming Practice in the IDE},
  author = {Fast, Ethan and Steffee, Daniel and Wang, Lucy and Brandt, Joel and Bernstein, Michael S.},
  booktitle = {\confchi},
  pages = {2491--2500},
  publisher = {ACM},
  year = {2014}
}

@inproceedings{ref:fast2016meta,
  title = {Meta: Enabling Programming Languages to Learn from the Crowd},
  author = {Fast, Ethan and Bernstein, Michael S.},
  booktitle = {\confuist},
  pages = {259--270},
  publisher = {ACM},
  year = {2016}
}

@inproceedings{ref:feng2017component,
  title = {Component-Based Synthesis for Complex APIs},
  author = {Feng, Yu and Martins, Ruben and Wang, Yuepeng and Dillig, Isil and Reps, Thomas W.},
  booktitle = {\confpopl},
  publisher = {ACM},
  pages = {599--612},
  year = {2017}
}

@inproceedings{ref:fitzmaurice1995bricks,
  title = {Bricks: Laying the Foundations for Graspable User Interfaces},
  author = {Fitzmaurice, George W. and Ishii, Hiroshi and Buxton, William},
  booktitle = {\confchi},
  publisher = {ACM},
  pages = {442--449},
  year = {1995}
}

@inproceedings{ref:ford2016paradise,
  title = {Paradise Unplugged: Identifying Barriers for Female Participation on Stack Overflow},
  author = {Ford, Denae and Smith, Justin and Guo, Philip J. and Parnin, Chris},
  booktitle = {\conffsesymposium},
  pages = {846--857},
  publisher = {ACM},
  year = {2016}
}

@inproceedings{ref:fourney2013enhancing,
  title = {Enhancing Technical Q\&A Forums with CiteHistory},
  author = {Fourney, Adam and Morris, Meredith Ringel},
  publisher = {The AAAI Press},
  booktitle = {Proceedings of the International Conference on Weblogs and Social Media},
  year = {2013}
}

@inproceedings{ref:fraser2011exploiting,
  title = {Exploiting Common Object Usage in Test Case Generation},
  author = {Fraser, Gordon and Zeller, Andreas},
  booktitle = {Proceedings of the International Conference on Software Testing, Verification and Validation},
  pages = {80--89},
  publisher = {IEEE},
  year = {2011}
}

@inproceedings{ref:galenson2014codehint,
  title = {CodeHint: Dynamic and Interactive Synthesis of Code Snippets},
  author = {Galenson, Joel and Reames, Philip and Bodik, Rastislav and Hartmann, Bj\"{o}rn and Sen, Koushik},
  booktitle = {\conficse},
  pages = {653--663},
  publisher = {ACM},
  year = {2014}
}

@inproceedings{ref:gatys2016image,
  title = {Image style transfer using convolutional neural networks},
  author = {Gatys, Leon A. and Ecker, Alexander S. and Bethge, Matthias},
  booktitle = {Proceedings of the Conference on Computer Vision and Pattern Recognition},
  pages = {2414--2423},
  publisher = {IEEE},
  year = {2016}
}

@inproceedings{ref:ginosar2013authoring,
  title = {Authoring Multi-Stage Code Examples with Editable Code Histories},
  author = {Ginosar, Shiry and De Pombo, Luis Fernando and Agrawala, Maneesh and Hartmann, Bj\"{o}rn},
  booktitle = {\confuist},
  publisher = {ACM},
  pages = {485--494},
  year = {2013}
}

@inproceedings{ref:glassman2018visualizing,
  title = {Visualizing API Usage Examples at Scale},
  author = {Glassman, Elena L. and Zhang, Tianyi and Hartmann, Bj\"{o}rn and Kim, Miryung},
  booktitle = {\confchi},
  note = {\paperno{580}},
  publisher = {ACM},
  year = {2018}
}

@inproceedings{ref:goffi2014search,
  title = {Search-Based Synthesis of Equivalent Method Sequences},
  author = {Goffi, Alberto and Gorla, Alessandra and Mattavelli, Andrea and Pezz\`{e}, Mauro and Tonella, Paolo},
  booktitle = {\conffsesymposium},
  pages = {366--376},
  publisher = {ACM},
  year = {2014}
}

@inproceedings{ref:gordon2015codepourri,
  title = {Codepourri: Creating Visual Coding Tutorials Using a Volunteer Crowd of Learners},
  author = {Gordon, Mitchell and Guo, Philip J.},
  booktitle = {\confvlhcc},
  pages = {13--21},
  publisher = {IEEE},
  year = {2015}
}

@inproceedings{ref:gross2010code,
  title = {A Code Reuse Interface for Non-Programmer Middle School Students},
  author = {Gross, Paul A. and Herstand, Micah S. and Hodges, Jordana W. and Kelleher, Caitlin L.},
  booktitle = {\confiui},
  pages = {219--228},
  publisher = {ACM},
  year = {2010}
}

@inproceedings{ref:guo2013online,
  title = {Online Python Tutor: Embeddable Web-Based Program Visualization for CS Education},
  author = {Guo, Philip J.},
  booktitle = {\confsigcse},
  publisher = {ACM},
  pages = {579--584},
  year = {2013}
}

@inproceedings{ref:gvero2011interactive,
  title = {Interactive synthesis of code snippets},
  author = {Gvero, Tihomir and Kuncak, Viktor and Piskac, Ruzica},
  booktitle = {Proceedings of the International Conference on Computer Aided Verification},
  pages = {418--423},
  publisher = {\pubspringer},
  year = {2011}
}

@inproceedings{ref:hartmann2008design,
  title = {Design as Exploration: Creating Interface Alternatives through Parallel Authoring and Runtime Tuning},
  author = {Hartmann, Bj\"{o}rn and Yu, Loren and Allison, Abel and Yang, Yeonsoo and Klemmer, Scott R.},
  booktitle = {\confuist},
  pages = {91--100},
  publisher = {ACM},
  year = {2008}
}

@inproceedings{ref:hartmann2011hypersource,
  title = {HyperSource: Bridging the Gap Between Source and Code-Related Web Sites},
  author = {Hartmann, Bj\"{o}rn and Dhillon, Mark and Chan, Matthew K.},
  booktitle = {\confchi},
  pages = {2207--2210},
  publisher = {ACM},
  year = {2011}
}

@inproceedings{ref:head2015tutorons,
  title = {Tutorons: Generating Context-Relevant, On-Demand Explanations and Demonstrations of Online Code},
  author = {Head, Andrew and Appachu, Codanda and Hearst, Marti A. and Hartmann, Bj\"{o}rn},
  booktitle = {\confvlhcc},
  pages = {3--12},
  publisher = {IEEE},
  year = {2015}
}

@inproceedings{ref:head2018interactive,
  title = {Interactive Extraction of Examples from Existing Code},
  author = {Head, Andrew and Glassman, Elena L. and Hartmann, Bj\"{o}rn and Hearst, Marti A.},
  booktitle = {\confchi},
  note = {\paperno{85}},
  publisher = {ACM},
  year = {2018}
}

@inproceedings{ref:head2019managing,
  title = {Managing Messes in Computational Notebooks},
  author = {Head, Andrew and Hohman, Fred and Barik, Titus and Drucker, Steven M. and DeLine, Robert},
  booktitle = {\confchi},
  publisher = {ACM},
  note = {\paperno{270}},
  year = {2019}
}

@inproceedings{ref:head2020composing,
  title = {Composing Flexibly-Organized Step-by-Step Tutorials from Linked Source Code, Snippets, and Outputs},
  author = {Head, Andrew and Jiang, Jason and Smith, James and Hearst, Marti A. and Hartmann, Bj\"{o}rn},
  note = {\toappear},
  publisher = {ACM},
  booktitle = {\confchi},
  year = {2020}
}

@inproceedings{ref:hempel2018deuce,
  title = {Deuce: A Lightweight User Interface for Structured Editing},
  author = {Hempel, Brian and Lubin, Justin and Lu, Grace and Chugh, Ravi},
  booktitle = {\conficse},
  pages = {654--664},
  publisher = {ACM},
  year = {2018}
}

@inproceedings{ref:hempel2019sketch,
  title = {Sketch-n-Sketch: Output-Directed Programming for {SVG}},
  author = {Hempel, Brian and Lubin, Justin and Chugh, Ravi},
  booktitle = {\confuist},
  pages = {281--292},
  publisher = {ACM},
  year = {2019}
}

@inproceedings{ref:heo2018effective,
  title = {Effective Program Debloating via Reinforcement Learning},
  author = {Heo, Kihong and Lee, Woosuk and Pashakhanloo, Pardis and Naik, Mayur},
  booktitle = {Proceedings of the SIGSAC Conference on Computer and Communications Security},
  publisher = {ACM},
  pages = {380--394},
  year = {2018}
}

@inproceedings{ref:hibschman2015unravel,
  title = {Unravel: Rapid Web Application Reverse Engineering via Interaction Recording, Source Tracing, and Library Detection},
  author = {Hibschman, Joshua and Zhang, Haoqi},
  booktitle = {\confuist},
  pages = {270--279},
  publisher = {ACM},
  year = {2015}
}

@inproceedings{ref:hibschman2016telescope,
  title = {Telescope: Fine-Tuned Discovery of Interactive Web UI Feature Implementation},
  author = {Hibschman, Joshua and Zhang, Haoqi},
  booktitle = {\confuist},
  pages = {233--245},
  publisher = {ACM},
  year = {2016}
}

@inproceedings{ref:hoffmann2007assieme,
  title = {Assieme: Finding and Leveraging Implicit References in a Web Search Interface for Programmers},
  author = {Hoffmann, Raphael and Fogarty, James and Weld, Daniel S.},
  booktitle = {\confuist},
  pages = {13--22},
  publisher = {ACM},
  year = {2007}
}

@inproceedings{ref:hoffswell2018augmenting,
  title = {Augmenting Code with In Situ Visualizations to Aid Program Understanding},
  author = {Hoffswell, Jane and Satyanarayan, Arvind and Heer, Jeffrey},
  booktitle = {\confchi},
  note = {\paperno{532}},
  publisher = {ACM},
  year = {2018}
}

@inproceedings{ref:horton2018gistable,
  title = {Gistable: Evaluating the Executability of Python Code Snippets on GitHub},
  author = {Horton, Eric and Parnin, Chris},
  booktitle = {\conficsme},
  pages = {217--227},
  publisher = {IEEE},
  year = {2018}
}

@inproceedings{ref:hou2009cnp,
  title = {CnP: Towards an Environment for the Proactive Management of Copy-and-Paste Programming},
  author = {Hou, Daqing and Jablonski, Patricia and Jacob, Ferosh},
  booktitle = {\conficpc},
  publisher = {IEEE},
  pages = {238--242},
  year = {2009}
}

@inproceedings{ref:iyer2016summarizing,
  title = {Summarizing Source Code using a Neural Attention Model},
  author = {Iyer, Srinivasan and Konstas, Ioannis and Cheung, Alvin and Zettlemoyer, Luke},
  publisher = {Association for Computational Linguistics},
  booktitle = {\confacl},
  pages = {2073--2083},
  year = {2016}
}

@inproceedings{ref:jayaraman2005kaveri,
  title = {Kaveri: Delivering the Indus Java Program Slicer to Eclipse},
  author = {Jayaraman, Ganeshan and Ranganath, Venkatesh Prasad and Hatcliff, John},
  booktitle = {\conffase},
  publisher = {\pubspringer},
  year = {2005},
  pages = {269--272}
}

@inproceedings{ref:kamimura2013towards,
  title = {Towards Generating Human-Oriented Summaries of Unit Test Cases},
  author = {Kamimura, Manabu and Murphy, Gail C.},
  booktitle = {\conficpc},
  publisher = {IEEE},
  pages = {215--218},
  year = {2013}
}

@inproceedings{ref:kang2017omnicode,
  title = {Omnicode: A Novice-Oriented Live Programming Environment with Always-On Run-Time Value Visualizations},
  author = {Kang, Hyeonsu and Guo, Philip J.},
  booktitle = {\confuist},
  publisher = {ACM},
  pages = {737--745},
  year = {2017}
}

@inproceedings{ref:kelley2017jupyter,
  title = {Jupyter Frontends: From the Classic Jupyter Notebook to JupyterLab, nteract, and Beyond},
  author = {Kelley, Kyle and Granger, Brian},
  booktitle = {JupyterCon},
  url = {https://www.youtube.com/watch?v=YKmJvHjTGAM},
  year = {2017},
  note = {Video}
}

@inproceedings{ref:kery2017exploring,
  title = {Exploring Exploratory Programming},
  author = {Kery, Mary Beth and Myers, Brad A.},
  booktitle = {\confvlhcc},
  pages = {25--29},
  publisher = {IEEE},
  year = {2017}
}

@inproceedings{ref:kery2017variolite,
  title = {Variolite: Supporting Exploratory Programming by Data Scientists},
  author = {Kery, Mary Beth and Horvath, Amber and Myers, Brad},
  booktitle = {\confchi},
  publisher = {ACM},
  pages = {1265--1276},
  year = {2017}
}

@inproceedings{ref:kery2018interactions,
  title = {Interactions for Untangling Messy History in a Computational Notebook},
  author = {Kery, Mary Beth and Myers, Brad A.},
  year = 2018,
  booktitle = {\confvlhcc},
  pages = {147--155},
  publisher = {IEEE}
}

@inproceedings{ref:kery2018story,
  title = {The Story in the Notebook: Exploratory Data Science using a Literate Programming Tool},
  author = {Kery, Mary Beth and Radensky, Marissa and Arya, Mahima and John, Bonnie E. and Myers, Brad A.},
  booktitle = {\confchi},
  publisher = {ACM},
  note = {\paperno{174}},
  year = {2018}
}

@inproceedings{ref:kery2019towards,
  title = {Towards Effective Foraging by Data Scientists to Find Past Analysis Choices},
  author = {Kery, Mary Beth and John, Bonnie E. and O'Flaherty, Patrick and Horvath, Amber and Myers, Brad A.},
  booktitle = {\confchi},
  publisher = {ACM},
  note = {\paperno{92}},
  year = {2019}
}

@inproceedings{ref:khandwala2018codemotion,
  title = {Codemotion: Expanding the Design Space of Learner Interactions with Computer Programming Tutorial Videos},
  author = {Khandwala, Kandarp and Guo, Philip J.},
  booktitle = {\conflas},
  note = {\articleno{57}},
  publisher = {ACM},
  year = {2018}
}

@inproceedings{ref:kim2004ethnographic,
  title = {An Ethnographic Study of Copy and Paste Programming Practices in OOPL},
  author = {Kim, Miryung and Bergman, Lawrence and Lau, Tessa and Notkin, David},
  booktitle = {\confisese},
  pages = {83--92},
  publisher = {IEEE},
  year = {2004}
}

@inproceedings{ref:kim2009adding,
  title = {Adding Examples into Java Documents},
  author = {Kim, Jinhan and Lee, Sanghoon and Hwang, Seung-won and Kim, Sunghun},
  booktitle = {\confase},
  pages = {540--544},
  publisher = {IEEE},
  year = {2009}
}

@inproceedings{ref:kim2010towards,
  title = {Towards an Intelligent Code Search Engine},
  author = {Kim, Jinhan and Lee, Sanghoon and Hwang, Seung-won and Kim, Sunghun},
  booktitle = {\confaaai},
  pages = {1358--1363},
  publisher = {The AAAI Press},
  year = {2010}
}

@inproceedings{ref:kim2017pedagogical,
  title = {A Pedagogical Analysis of Online Coding Tutorials},
  author = {Kim, Ada S. and Ko, Amy J.},
  booktitle = {\confsigcse},
  pages = {321--326},
  publisher = {ACM},
  year = {2017}
}

@inproceedings{ref:ko2009finding,
  title = {Finding Causes of Program Output with the {Java} {Whyline}},
  author = {Ko, Amy and Myers, Brad A.},
  booktitle = {\confchi},
  pages = {1569--1578},
  publisher = {ACM},
  year = {2009}
}

@inproceedings{ref:koenemann1991expert,
  title = {Expert problem solving strategies for program comprehension},
  author = {Koenemann, J\"{u}rgen and Robertson, Scott P.},
  booktitle = {\confchi},
  publisher = {ACM},
  pages = {125--130},
  year = {1991}
}

@inproceedings{ref:kojouharov2004jtutor,
  title = {JTutor: An Eclipse Plug-in Suite for Creation and Replay of Code-based Tutorials},
  author = {Kojouharov, Chris and Solodovnik, Aleksey and Naumovich, Gleb},
  booktitle = {Proceedings of the Eclipse Technology eXchange Workshop},
  pages = {27--31},
  publisher = {ACM},
  year = {2004}
}

@inproceedings{ref:kramer2016using,
  title = {Using Runtime Traces to Improve Documentation and Unit Test Authoring for Dynamic Languages},
  author = {Kr\"{a}mer, Jan-Peter and Brandt, Joel and Borchers, Jan},
  booktitle = {\confchi},
  pages = {3232--3237},
  publisher = {ACM},
  year = {2016}
}

@inproceedings{ref:lange1989some,
  title = {Some strategies of reuse in an object-oriented programming environment},
  author = {Lange, Beth M. and Moher, Thomas G.},
  booktitle = {\confchi},
  pages = {69--73},
  publisher = {ACM},
  year = {1989}
}

@inproceedings{ref:lawrie2006whats,
  title = {What's in a Name? A Study of Identifiers},
  author = {Lawrie, Dawn and Morrell, Christopher and Feild, Henry and Binkley, David},
  booktitle = {\conficpc},
  pages = {3--12},
  publisher = {IEEE},
  year = {2006}
}

@inproceedings{ref:lee2013draganddrop,
  title = {Drag-and-Drop Refactoring: Intuitive and Efficient Program Transformation},
  author = {Lee, Yun Young and Chen, Nicholas and Johnson, Ralph E.},
  booktitle = {\conficse},
  pages = {23--32},
  publisher = {IEEE},
  year = {2013}
}

@inproceedings{ref:leshed2008coscripter,
  title = {CoScripter: Automating \& Sharing How-To Knowledge in the Enterprise},
  author = {Leshed, Gilly and Haber, Eben M. and Matthews, Tara and Lau, Tessa},
  booktitle = {\confchi},
  publisher = {ACM},
  pages = {1719--1728},
  year = {2008}
}

@inproceedings{ref:lieber2014addressing,
  title = {Addressing Misconceptions About Code with Always-On Programming Visualizations},
  author = {Lieber, Tom and Brandt, Joel and Miller, Robert C.},
  booktitle = {\confchi},
  pages = {2481--2490},
  publisher = {ACM},
  year = {2014}
}

@inproceedings{ref:little2007koala,
  title = {Koala: Capture, Share, Automate, Personalize Business Processes on the Web},
  author = {Little, Greg and Lau, Tessa A. and Cypher, Allen and Lin, James and Haber, Eben M. and Kandogan, Eser},
  booktitle = {\confchi},
  publisher = {ACM},
  pages = {943--946},
  note = {This paper describes an earlier version of the \textit{CoScripter} tool called \textit{Koala}},
  year = {2007}
}

@inproceedings{ref:malan2004examples,
  title = {Examples that can do Harm in Learning Programming},
  author = {Malan, Katherine and Halland, Ken},
  booktitle = {Companion to the Conference on Object-Oriented Programming Systems, Languages, and Applications},
  pages = {83--87},
  publisher = {ACM},
  year = {2004}
}

@inproceedings{ref:mamykina2011design,
  title = {Design Lessons from the Fastest Q\&A Site in the West},
  author = {Mamykina, Lena and Manoim, Bella and Mittal, Manas and Hripcsak, George and Hartmann, Bj{\"o}rn},
  year = 2011,
  booktitle = {\confchi},
  pages = {2857--2866},
  publisher = {ACM}
}

@inproceedings{ref:mandelin2005jungloid,
  title = {Jungloid Mining: Helping to Navigate the API Jungle},
  author = {Mandelin, David and Xu, Lin and Bod\'{i}k, Rastislav and Kimelman, Doug},
  publisher = {ACM},
  pages = {48--61},
  year = {2005},
  booktitle = {\confpldi}
}

@inproceedings{ref:marks1997design,
  title = {Design Galleries: A General Approach to Setting Parameters for Computer Graphics and Animation},
  author = {Marks, J. and Andalman, B. and Beardsley, P.A. and Freeman, W. and Gibson, S. and Hodgins, J. and Kang, T. and Mirtich, B. and Pfister, H. and Ruml, W. and Ryall, K. and Seims, J. and Shieber, S.},
  booktitle = {\confcgit},
  publisher = {ACM},
  pages = {389--400},
  year = {1997}
}

@inproceedings{ref:mayer2015user,
  title = {User Interaction Models for Disambiguation in Programming by Example},
  author = {Mayer, Mika\"{e}l and Soares, Gustavo and Grechkin, Maxim and Le, Vu and Marron, Mark and Polozov, Oleksandr and Singh, Rishabh and Zorn, Benjamin and Gulwani, Sumit},
  booktitle = {\confuist},
  publisher = {ACM},
  pages = {291--301},
  year = {2015}
}

@inproceedings{ref:mcburney2014automatic,
  title = {Automatic Documentation Generation via Source Code Summarization of Method Context},
  author = {McBurney, Paul W. and McMillan, Collin},
  booktitle = {\conficpc},
  publisher = {ACM},
  pages = {279--290},
  year = {2014}
}

@inproceedings{ref:mcdirmid2013usable,
  title = {Usable Live Programming},
  author = {McDirmid, Sean},
  booktitle = {Proceedings of the International Symposium on New Ideas, New Paradigms, and Reflections on Programming \& Software},
  pages = {53--62},
  year = {2013}
}

@inproceedings{ref:miltner2019fly,
  title = {On the Fly Synthesis of Edit Suggestions},
  author = {Miltner, Anders and Gulwani, Sumit and Le, Vu and Leung, Alan and Radhakrishna, Arjun and Soares, Gustavo and Tiwari, Ashish and Udupa, Abhishek},
  publisher = {ACM},
  pages = {143:1--143:29},
  note = {\articleno{143}},
  year = {2019},
  booktitle = {Proceedings of the SIGPLAN Conference on Systems, Programming, Languages, and Applications: Software for Humanity}
}

@inproceedings{ref:montandon2013documenting,
  title = {Documenting APIs with Examples: Lessons Learned with the APIMiner Platform},
  author = {Montandon, Jo\~{a}o Eduardo and Borges, Hudson and Felix, Daniel and Valente, Marco Tulio},
  booktitle = {\confwcre},
  pages = {401--408},
  publisher = {IEEE},
  year = {2013}
}

@inproceedings{ref:moreno2013automatic,
  title = {Automatic Generation of Natural Language Summaries for Java Classes},
  author = {Moreno, Laura and Aponte, Jairo and Sridhara, Giriprasad and Marcus, Andrian and Pollock, Lori and Vijay-Shanker, K.},
  booktitle = {\conficpc},
  publisher = {IEEE},
  pages = {23--32},
  year = {2013}
}

@inproceedings{ref:moreno2015how,
  title = {How Can I Use This Method?},
  author = {Moreno, Laura and Bavota, Gabriele and Di Penta, Massimiliano and Oliveto, Rocco and Marcus, Andrian},
  booktitle = {\conficse},
  pages = {880--890},
  publisher = {IEEE},
  year = {2015}
}

@inproceedings{ref:mysore2017torta,
  title = {Torta: Generating Mixed-Media GUI and Command-Line App Tutorials Using Operating-System-Wide Activity Tracing},
  author = {Mysore, Alok and Guo, Philip J.},
  booktitle = {\confuist},
  publisher = {ACM},
  pages = {703--714},
  year = {2017}
}

@inproceedings{ref:nasehi2010unit,
  title = {Unit Tests as API Usage Examples},
  author = {Nasehi, Seyed Mehdi and Maurer, Frank},
  booktitle = {\conficsm},
  publisher = {IEEE},
  year = {2010}
}

@inproceedings{ref:nasehi2012what,
  title = {What Makes a Good Code Example? A Study of Programming Q\&A in StackOverflow},
  author = {Nasehi, Seyed Mehdi and Sillito, Jonathan and Maurer, Frank and Burns, Chris},
  booktitle = {\conficsm},
  publisher = {IEEE},
  pages = {25--34},
  year = {2012}
}

@inproceedings{ref:neal1989system,
  title = {A System for Example-Based Programming},
  author = {Neal, Lisa Rubin},
  publisher = {ACM},
  pages = {63--68},
  year = {1989},
  booktitle = {\confchi}
}

@inproceedings{ref:nguyen2016t2api,
  title = {T2API: Synthesizing API Code Usage Templates from English texts with Statistical Translation},
  author = {Nguyen, Thanh and Rigby, Peter C, and Nguyen, Anh Tuan and Karanfil, Mark and Nguyen, Tien N.},
  booktitle = {\conffsesymposium},
  publisher = {ACM},
  pages = {1013--1017},
  year = {2016}
}

@inproceedings{ref:norcio1982indentation,
  title = {Indentation, documentation and programmer comprehension},
  author = {Norcio, A. F.},
  booktitle = {\confchi},
  publisher = {ACM},
  pages = {118--120},
  year = {1982}
}

@inproceedings{ref:nykaza2002what,
  title = {What Programmers Really Want: Results of a Needs Assessment for SDK Documentation},
  author = {Nykaza, Janet and Messinger, Rhonda and Boehme, Fran and Norman, Cherie L. and Mace, Matthew and Gordon, Manuel},
  booktitle = {Proceedings of the International Conference on the Design of Communication},
  pages = {133--141},
  publisher = {ACM},
  year = {2002}
}

@inproceedings{ref:oezbek2007jtourbus,
  title = {JTourBus: Simplifying Program Understanding by Documentation that Provides Tours through the Source Code},
  author = {Oezbek, Christopher and Prechelt, Lutz},
  booktitle = {\conficsm},
  pages = {64--73},
  publisher = {IEEE},
  year = {2007}
}

@inproceedings{ref:olsen2007evaluating,
  title = {Evaluating User Interface Systems Research},
  author = {Olsen Jr., Dan R.},
  booktitle = {\confuist},
  publisher = {ACM},
  pages = {251--258},
  year = {2007}
}

@inproceedings{ref:oney2009firecrystal,
  title = {FireCrystal: Understanding Interactive Behaviors in Dynamic Web Pages},
  author = {Oney, Stephen and Myers, Brad},
  booktitle = {\confvlhcc},
  pages = {105--108},
  publisher = {IEEE},
  year = {2009}
}

@inproceedings{ref:oney2012codelets,
  title = {Codelets: Linking Interactive Documentation and Example Code in the Editor},
  author = {Oney, Stephen and Brandt, Joel},
  booktitle = {\confchi},
  publisher = {ACM},
  pages = {2697--2706},
  year = {2012}
}

@inproceedings{ref:oney2018creating,
  title = {Creating Guided Code Explanations with chat.codes},
  author = {Oney, Steve and Brooks, Christopher and Resnick, Paul},
  publisher = {ACM},
  year = {2018},
  note = {\articleno{39}},
  booktitle = {\confcscw}
}

@inproceedings{ref:ou2015interactive,
  title = {An Interactive System for Data Structure Development},
  author = {Ou, Jibin and Vechev, Martin and Hilliges, Otmar},
  booktitle = {\confchi},
  publisher = {ACM},
  pages = {3053--3062},
  year = {2015}
}

@inproceedings{ref:parnin2013blogging,
  title = {Blogging Developer Knowledge: Motivations, Challenges, and Future Directions},
  author = {Parnin, Chris and Treude, Christoph and Storey, Margaret-Anne},
  booktitle = {\conficpc},
  pages = {211--214},
  publisher = {IEEE},
  year = {2013}
}

@inproceedings{ref:polozov2015flashmeta,
  title = {FlashMeta: A Framework for Inductive Program Synthesis},
  author = {Polozov, Oleksandr and Gulwani, Sumit},
  booktitle = {\confoopsla},
  publisher = {ACM},
  pages = {107--126},
  year = {2015}
}

@inproceedings{ref:rambally1986influence,
  title = {The influence of color on program readability and comprehensibility},
  author = {Rambally, Gerard K.},
  booktitle = {\confsigcse},
  publisher = {ACM},
  pages = {173--181},
  year = {1986}
}

@inproceedings{ref:rissland1980overview,
  title = {Overview of an Example Generation System},
  author = {Rissland, Edwina L. and Soloway, Elliot M.},
  publisher = {The AAAI Press},
  booktitle = {\confaaai},
  pages = {256--258},
  year = {1980}
}

@inproceedings{ref:robertson1990program,
  title = {Program comprehension beyond the line},
  author = {Robertson, Scott P. and Davis, Erle F. and Okabe, Kyoko and Fitz-Randolf, Douglas},
  booktitle = {\confinteract},
  publisher = {North-Holland Publishing Co.},
  pages = {959--963},
  year = {1990}
}

@inproceedings{ref:robillard2017ondemand,
  title = {On-Demand Developer Documentation},
  author = {Robillard, Martin P. and Marcus, Andrian and Treude, Christoph and Bavota, Gabriele and Chaparro, Oscar and Ernst, Neil and Gerosa, Marco Aur\'{e}lio and Godfrey, Michael and Lanza, Michele and Linares-V\'{a}squez, Mario and Murphy, Gail C. and Moreno, Laura and Shepherd, David and Wong, Edmund},
  booktitle = {\conficsme},
  pages = {479--483},
  publisher = {IEEE},
  year = {2017}
}

@inproceedings{ref:rule2018aiding,
  title = {Aiding Collaborative Reuse of Computational Notebooks with Annotated Cell Folding},
  author = {Rule, Adam and Drosos, Ian and Tabard, Aur\'{e}lien and Hollan, James D.},
  booktitle = {\confcscw},
  publisher = {ACM},
  note = {\articleno{150}},
  year = {2018}
}

@inproceedings{ref:rule2018exploration,
  title = {Exploration and Explanation in Computational Notebooks},
  author = {Rule, Adam and Tabard, Aur\'{e}lien and Hollan, James D.},
  booktitle = {\confchi},
  publisher = {ACM},
  note = {\paperno{32}},
  year = {2018}
}

@inproceedings{ref:sadowski2015developers,
  title = {How Developers Search for Code: A Case Study},
  author = {Sadowski, Caitlin and Stolee, Kathryn T. and Elbaum, Sebastian},
  booktitle = {\conffsemeeting},
  pages = {191--201},
  publisher = {ACM},
  year = {2015}
}

@inproceedings{ref:sanchez2016multistaging,
  title = {Multistaging to Understand: Distilling the Essence of Java Code Examples},
  author = {Sanchez, Huascar and Whitehead, Jim and Sch\"{a}f, Martin},
  booktitle = {\conficpc},
  publisher = {IEEE},
  year = {2016}
}

@inproceedings{ref:shum1994using,
  title = {Using Literate Programming to Teach Good Programming Practices},
  author = {Shum, Stephen and Cook, Curtis},
  booktitle = {\confsigcse},
  publisher = {ACM},
  pages = {66--70},
  year = {1994}
}

@inproceedings{ref:siegel2018extracting,
  title = {Extracting Scientific Figures with Distantly Supervised Neural Networks},
  author = {Siegel, Noah and Lourie, Nicholas and Power, Russell and Ammar, Waleed},
  booktitle = {Proceedings of the Joint Conference on Digital Libraries},
  pages = {223--232},
  publisher = {ACM},
  year = {2018}
}

@inproceedings{ref:sillito2013app,
  title = {App-Directed Learning: An Exploratory Study},
  author = {Sillito, Jonathan and Begel, Andrew},
  booktitle = {\confchase},
  pages = {81--84},
  publisher = {IEEE},
  year = {2013}
}

@inproceedings{ref:sohan2015spyrest,
  title = {SpyREST: Automated RESTful API Documentation using an HTTP Proxy Server},
  author = {Sohan, S M and Anslow, Craig and Maurer, Frank},
  booktitle = {\confase},
  publisher = {IEEE},
  pages = {271--276},
  year = {2015}
}

@inproceedings{ref:sridhara2010towards,
  title = {Towards Automatically Generating Summary Comments for Java Methods},
  author = {Sridhara, Giriprasad and Hill, Emily and Muppaneni, Divya and Pollock, Lori and Vijay-Shanker, K.},
  booktitle = {\confase},
  publisher = {ACM},
  pages = {43--52},
  year = {2010}
}

@inproceedings{ref:sridhara2011automatically,
  title = {Automatically Detecting and Describing High Level Actions within Methods},
  author = {Sridhara, Giriprasad and Pollock, Lori and Vijay-Shanker, K.},
  booktitle = {\conficse},
  publisher = {ACM},
  pages = {101--110},
  year = {2011}
}

@inproceedings{ref:sridhara2011generating,
  title = {Generating Parameter Comments and Integrating with Method Summaries},
  author = {Sridhara, Giriprasad and Pollock, Lori and Vijay-Shanker, K.},
  booktitle = {\conficpc},
  publisher = {IEEE},
  pages = {71--80},
  year = {2011}
}

@inproceedings{ref:srinivasa2016foraging,
  title = {Foraging among an Overabundance of Similar Variants},
  author = {Ragavan, Sruti Srinivasa and Kuttal, Sandeep Kaur and Hill, Charles and Sarma, Anita and Piorkowski, David and Burnett, Margaret},
  booktitle = {\confchi},
  pages = {3509--3521},
  publisher = {ACM},
  year = {2016}
}

@inproceedings{ref:stylos2006mica,
  title = {Mica: A Web-Search Tool for Finding API Components and Examples},
  author = {Stylos, Jeffrey and Myers, Brad A.},
  booktitle = {\confvlhcc},
  publisher = {IEEE},
  pages = {195--202},
  year = {2006}
}

@inproceedings{ref:subramanian2014live,
  title = {Live API Documentation},
  author = {Subramanian, Siddharth and Inozemtseva, Laura and Holmes, Reid},
  booktitle = {\conficse},
  publisher = {ACM},
  pages = {643--652},
  year = {2014}
}

@inproceedings{ref:sulir2017generating,
  title = {Generating Method Documentation Using Concrete Values from Executions},
  author = {Sul\'{i}r, Mat\'{u}\v{s} and Porub\"{a}n, Jaroslav},
  booktitle = {Proceedings of the Symposium on Languages, Applications and Technologies},
  pages = {3:1--3:13},
  publisher = {Schloss Dagstuhl--Leibniz-Zentrum fuer Informatik},
  year = {2017}
}

@inproceedings{ref:suzuki2015interactive,
  title = {Interactive and Collaborative Source Code Annotation},
  author = {Suzuki, Ryo},
  booktitle = {\conficse},
  publisher = {IEEE},
  pages = {799--800},
  year = {2015}
}

@inproceedings{ref:tanimoto2013perspective,
  title = {A Perspective on the Evolution of Live Programming},
  author = {Tanimoto, Steven L.},
  booktitle = {Proceedings of the International Workshop on Live Programming},
  pages = {31--34},
  publisher = {IEEE},
  year = {2013}
}

@inproceedings{ref:tapp1994determining,
  title = {Determining the Usefulness of Colour and Fonts in a Programming Task},
  author = {Tapp, Riston and Kazman, Rick},
  booktitle = {Proceedings of the Workshop on Program Comprehension},
  publisher = {IEEE},
  pages = {154--161},
  year = {1994}
}

@inproceedings{ref:terragni2016csnippex,
  title = {CSNIPPEX: Automated Synthesis of Compilable Code Snippets from Q\&A Sites},
  author = {Terragni, Valerio and Liu, Yepang and Cheung, Shing-Chi},
  booktitle = {Proceedings of the International Symposium on Software Testing and Analysis},
  publisher = {ACM},
  pages = {118--129},
  year = {2016}
}

@inproceedings{ref:tiarks2014does,
  title = {How Does a Typical Tutorial for Mobile Development Look Like?},
  author = {Tiarks, Rebecca and Maalej, Walid},
  booktitle = {Proceedings of the Working Conference on Mining Software Repositories},
  publisher = {ACM},
  pages = {272--281},
  year = {2014}
}

@inproceedings{ref:tip1999practical,
  title = {Practical Experience with an Application Extractor for Java},
  author = {Tip, Frank and Laffra, Chris and Sweeney, Peter F. and Streeter, David},
  publisher = {ACM},
  booktitle = {\confoopsla},
  pages = {292--305},
  year = {1999}
}

@inproceedings{ref:toomim2004managing,
  title = {Managing Duplicated Code with Linked Editing},
  author = {Toomim, Michael and Begel, Andrew and Graham, Susan L.},
  booktitle = {\confvlhcc},
  publisher = {IEEE},
  pages = {173--180},
  year = {2004}
}

@inproceedings{ref:treude2011programmers,
  title = {How Do Programmers Ask and Answer Questions on the Web?},
  author = {Treude, Christoph and Barzilay, Ohad and Storey, Margaret-Anne},
  booktitle = {\conficse},
  publisher = {IEEE},
  pages = {804--807},
  year = {2011}
}

@inproceedings{ref:treude2017understanding,
  title = {Understanding Stack Overflow Code Fragments},
  author = {Treude, Christoph and Robillard, Martin P.},
  booktitle = {\conficsme},
  pages = {509--513},
  publisher = {IEEE},
  year = {2017}
}

@inproceedings{ref:uwano2006analyzing,
  title = {Analyzing Individual Performance of Source Code Review Using Reviewers' Eye Movement},
  author = {Uwano, Hidetake and Nakamura, Masahide and Monden, Akito and Matsumoto, Ken-ichi},
  booktitle = {Proceedings of the Symposium on Eye Tracking Research \& Applications},
  publisher = {ACM},
  pages = {133--140},
  year = {2006}
}

@inproceedings{ref:valleerai1999soot,
  title = {Soot -- A Java Bytecode Optimization Framework},
  author = {Vall\'{e}e-Rai, Raja and Co, Phong and Gagnon, Etienne and {Sable Research Group}},
  booktitle = {Proceedings of the Conference of the Centre for Advanced Studies on Collaborative Research},
  publisher = {IBM Press},
  year = {1999}
}

@inproceedings{ref:weiser1981program,
  title = {Program slicing},
  author = {Weiser, Mark},
  booktitle = {\conficse},
  pages = {439--449},
  publisher = {IEEE},
  year = {1981}
}

@inproceedings{ref:wightman2012snipmatch,
  title = {SnipMatch: Using Source Code Context to Enhance Snippet Retrieval and Parameterization},
  author = {Wightman, Doug and Ye, Zi and Brandt, Joel and Vertegaal, Roel},
  booktitle = {\confuist},
  publisher = {ACM},
  pages = {219--228},
  year = {2012}
}

@inproceedings{ref:yang2016query,
  title = {From Query to Usable Code: An Analysis of Stack Overflow Code Snippets},
  author = {Yang, Di and Hussain, Aftab and Lopes, Cristina Videira},
  year = {2016},
  booktitle = {Proceedings of the Working Conference on Mining Software Repositories},
  pages = {391--401},
  publisher = {ACM}
}

@inproceedings{ref:yin2017syntactic,
  title = {A Syntactic Neural Model for General-purpose Code Generation},
  author = {Yin, Pengcheng and Neubig, Graham},
  publisher = {Association for Computational Linguistics},
  year = {2017},
  pages = {440--450},
  booktitle = {\confacl}
}

@inproceedings{ref:ying2014selection,
  title = {Selection and Presentation Practices for Code Example Summarization},
  author = {Ying, Annie T. T. and Robillard, Martin P.},
  booktitle = {\conffsesymposium},
  publisher = {ACM},
  pages = {460--471},
  year = {2014}
}

@inproceedings{ref:yoon2012exploratory,
  title = {An Exploratory Study of Backtracking Strategies Used by Developers},
  author = {Yoon, YoungSeok and Myers, Brad A.},
  booktitle = {\confchase},
  pages = {138--144},
  publisher = {IEEE},
  year = {2012}
}

@inproceedings{ref:zhang2006pruning,
  title = {Pruning Dynamic Slices with Confidence},
  author = {Zhang, Xiangyu and Gupta, Neelam and Gupta, Rajiv},
  publisher = {ACM},
  pages = {169--180},
  year = {2006},
  booktitle = {\confpldi}
}

@inproceedings{ref:zhang2017dsjs,
  title = {DS.js: Turn Any Webpage into an Example-Centric Live Programming Environment for Learning Data Science},
  author = {Zhang, Xiong and Guo, Philip J.},
  booktitle = {\confuist},
  publisher = {ACM},
  pages = {691--702},
  year = {2017}
}

@inproceedings{ref:zhang2018code,
  title = {Are Code Examples on an Online Q\&A Forum Reliable? A Study of API Misuse on Stack Overflow},
  author = {Zhang, Tianyi and Upadhyaya, Ganesha and Reinhardt, Anastasia and Rajan, Hridesh and Kim, Miryung},
  booktitle = {\conficse},
  pages = {886--896},
  publisher = {IEEE},
  year = {2018}
}

@inproceedings{ref:zhang2019analyzing,
  title = {Analyzing and Supporting Adaptation of Online Code Examples},
  author = {Zhang, Tianyi and Yang, Di and Lopes, Crista and Kim, Miryung},
  booktitle = {\conficse},
  pages = {316--327},
  publisher = {IEEE},
  year = {2019}
}

@inproceedings{ref:zwicky1967morphological,
  title = {The Morphological Approach to Discovery, Invention, Research and Construction},
  author = {Zwicky, F.},
  booktitle = {New Methods of Thought and Procedure: Contributions to the Symposium on Methodologies},
  publisher = {\pubspringer},
  pages = {273--297},
  year = {1967}
}

% ONLINE, ATTRIBUTED
% Must have author and either date or urldate
@online{ref:codewalkhowtowrite,
  title = {Codewalk: How to write a Codewalk},
  author = {Google},
  url = {https://golang.org/doc/codewalk/codewalk/},
  urlyear = {2020-05-06},
}

@online{ref:codewalksharemem,
  title = {Codewalk: Share Memory By Communicating},
  author = {Google},
  url = {https://golang.org/doc/codewalk/sharemem/},
  urlyear = {2020-05-06},
}

@online{ref:denero2014composing,
  title = {Composing Programs},
  author = {DeNero, John},
  url = {https://composingprograms.com/},
  urlyear = {2020-05-05},
}

@online{ref:distill,
  title = {Distill},
  url = {https://distill.pub/},
  editor = {Carter, Shan and Olah, Chris and Satyanarayan, Arvind},
  urlyear = {2020-05-06}
}

@online{ref:eclipse,
  title = {Quick Fix and Quick Assist},
  author = {{Eclipse Foundation}},
  url = {https://help.eclipse.org/2020-03/topic/org.eclipse.jdt.doc.user/concepts/concept-quickfix-assist.htm?cp=1_2_5},
  urlyear = {2020-05-06}
}

@online{ref:javadoc,
  title = {How to Write Doc Comments for the Javadoc Tool},
  author = {Oracle},
  url = {http://www.oracle.com/technetwork/java/javase/documentation/index-137868.html},
  urlyear = {2018-02-12},
}

@online{ref:jonskeetshortcompleteprograms,
  title = {Short but complete programs},
  author = {Skeet, Jon},
  url = {https://jonskeet.uk/csharp/complete.html},
  urlyear = {2020-05-06}
}

@online{ref:jupyterextensions,
  title = {Unofficial Jupyter Notebook Extensions},
  author = {{Jupyter Contrib Team}},
  note = {https://jupyter-contrib-nbextensions.readthedocs.io/en/latest/},
  urlyear = {2020-05-06}
}

@online{ref:rule2018explorationdata,
  title = {Data from: Exploration and Explanation in Computational Notebooks},
  author = {Rule, Adam and Tabard, Aur\'{e}lien and Hollan, James D.},
  organization = {UC San Diego Library Digital Collections},
  url = {https://doi.org/10.6075/J0JW8C39},
  year = {2018}
}

@online{ref:sscce,
  title = {The SSCCE},
  author = {Thompson, Andrew},
  url = {http://www.sscce.org/},
  urlyear = {2020-05-06}
}

@online{ref:stackoverflowhow,
  title = {How to create a Minimal, Reproducible Example},
  author = {{Stack Overflow Help Center}},
  url = {https://stackoverflow.com/help/minimal-reproducible-example},
  urlyear = {2020-05-06}
}

% ONLINE, ATTRIBUTED
@online{ref:mariotutorial,
  title = {Let's make a Mario game.},
  author = {Kamermans, Mike ``Pomax''},
  url = {http://processingjs.nihongoresources.com/test/PjsGameEngine/docs/tutorial/mario.html},
  urlyear = {2020-05-06}
}

@online{ref:mozillaguidelines,
  title = {Code example guidelines},
  url = {https://developer.mozilla.org/en-US/docs/MDN/Contribute/Guidelines/Code_guidelines},
  author = {{MDN contributors}},
  urlyear = {2020-05-06}
}

@online{ref:pombo2019build,
  title = {Build Your Own React},
  author = {Pombo, Rodrigo},
  url = {https://pomb.us/build-your-own-react/},
  year = {2019-11-13}
}

@online{ref:pombo2019waves,
  title = {Gatsby Waves},
  author = {Pombo, Rodrigo},
  url = {https://github.com/pomber/gatsby-waves},
  urlyear = {2020-05-06}
}

@online{ref:perez2015project,
  title = {Project Jupyter: Computational Narratives as the Engine of Collaborative Data Science},
  author = {Perez, Fernando and Granger, Brian E.},
  note = {Grant proposal},
  url = {http://archive.ipython.org/JupyterGrantNarrative-2015.pdf},
  year = {2015}
}

@online{ref:punchedcards,
  title = {Punched card program deck.agr.jpg},
  author = {Reinhold, Arnold},
  url = {https://en.wikipedia.org/wiki/File:Punched_card_program_deck.agr.jpg},
  note = {This file is licensed under the Creative Commons Attribution-Share Alike 3.0 Unported license},
  year = {2006}
}

@online{ref:sweigart2015automate,
  title = {Automate the Boring Stuff with Python},
  author = {Sweigart, Al},
  url = {https://automatetheboringstuff.com/},
  urlyear = {2020-05-06}
}

@online{ref:victor2011explorable,
  title = {Explorable Explanations},
  author = {Victor, Bret},
  year = {2011},
  url = {http://worrydream.com/ExplorableExplanations/}
}

@online{ref:victor2012learnable,
  title = {Learnable programming},
  author = {Victor, Bret},
  year = {2012},
  url = {http://worrydream.com/LearnableProgramming/}
}

@online{ref:wattenberger2019interactive,
  title = {Interactive Charts with D3.js},
  author = {Wattenberger, Amelia},
  url = {https://wattenberger.com/blog/d3-interactive-charts},
  urlyear = {2019-06-04}
}

@online{ref:wikibooks2019beginners,
  title = {A Beginner's Python Tutorial/Classes},
  author = {{Wikibooks contributors}},
  publisher = {Wikibooks, The Free Textbook Project},
  url = {https://en.wikibooks.org/w/index.php?title=A_Beginner%27s_Python_Tutorial/Classes},
  urlyear = {2019-09-14}
}

% TOOL LINKS
% ONLY meant to be referenced as an entity in and of itself; not meant to be
% cited as a source of information. Each one should have an equivalent shorthand
% and title, and a urldate. These should be cited with '\citetool'
@online{tool:jdi,
  title = {Java Debug Interface},
  url = {https://docs.oracle.com/javase/8/docs/jdk/api/jpda/jdi/index.html},
  urlyear = {2020-05-06}
}

@online{tool:jison,
  title = {Jison},
  url = {http://jison.org},
  urlyear = {2020-05-06}
}

@online{tool:jupyter,
  title = {Jupyter},
  url = {https://jupyter.org/},
  urlyear = {2020-05-06}
}

@online{tool:knitr,
  title = {Knitr},
  url = {https://yihui.org/knitr/},
  urlyear = {2020-05-06}
}

@online{tool:markdownpreviewenhanced,
  title = {Markdown Preview Enhanced},
  url = {https://github.com/shd101wyy/markdown-preview-enhanced},
  urlyear = {2020-05-06}
}

@online{tool:observable,
  title = {Observable},
  url = {https://observablehq.com/},
  urlyear = {2020-05-06}
}

@online{tool:processing,
  title = {Processing},
  url = {https://processing.org/},
  urlyear = {2020-05-06}
}

@online{tool:raywenderlich,
  title = {Ray Wenderlich},
  url = {https://www.raywenderlich.com},
  urlyear = {2020-05-06}
}

@online{tool:rstudio,
  title = {RStudio},
  url = {https://rstudio.com/},
  urlyear = {2020-05-06}
}

@online{tool:streamlit,
  title = {Streamlit},
  url = {https://www.streamlit.io/about},
  urlyear = {2020-05-06}
}

@online{tool:stackoverflow,
  title = {Stack Overflow},
  url = {https://stackoverflow.com},
  urlyear = {2020-05-10}
}

@online{tool:swagger,
  title = {Swagger},
  url = {https://swagger.io/solutions/api-documentation/},
  urlyear = {2020-05-06}
}

@online{tool:vscode,
  title = {VSCode},
  url = {https://code.visualstudio.com/},
  urlyear = {2020-05-06}
}

@online{tool:wala,
  title = {WALA},
  url = {http://wala.sourceforge.net},
  urlyear = {2020-05-06}
}

% END OF ONLINE SOURCES
@techreport{ref:brandt2010rehearse,
  title = {Rehearse: Helping Programmers Adapt Examples by Visualizing Execution and Highlighting Related Code},
  author = {Brandt, Joel and Pattamatta, Vignan and Choi, William and Hsieh, Ben and Klemmer, Scott R.},
  institution = {Stanford University},
  year = {2010},
  type = {Technical report}
}

@techreport{ref:hoare1973hints,
  title = {Hints on Programming Language Design},
  author = {Hoare, C. A. R.},
  shortauthor = {{Tony Hoare}},
  institution = {Stanford University},
  year = {1973},
  type = {techreport}
}

@report{ref:parnin2012crowd,
  title = {Crowd Documentation: Exploring the Coverage and the Dynamics of API Discussions on Stack Overflow},
  author = {Parnin, Chris and Treude, Christoph and Grammel, Lars and Storey, Margaret-Anne},
  institution = {Georgia Institute of Technology},
  year = {2012},
  type = {techreport}
}

@thesis{ref:rule2018dissertation,
  title = {Design and Use of Computational Notebooks},
  author = {Rule, Adam},
  institution = {University of California, San Diego},
  year = {2018},
  type = {phdthesis}
}

@thesis{ref:solarlezama2008program,
  title = {Program Synthesis by Sketching},
  author = {Solar-Lezama, Armando},
  institution = {University of California, Berkeley},
  year = {2008},
  type = {phdthesis}
}

@thesis{ref:sorva2012visual,
  title = {Visual Program Simulation in Introductory Programming Education},
  author = {Sorva, Juha},
  institution = {Aalto University},
  year = {2012},
  type = {phdthesis}
}

@thesis{ref:weiser1979program,
  title = {Program Slices: Formal, Psychological, and Practical Investigations of an Automatic Program Abstraction Method},
  author = {Weiser, Mark David},
  institution = {University of Michigan},
  year = {1979},
  type = {phdthesis}
}

@book{ref:holtzblatt1997contextual,
  title={Contextual Design: Defining Customer-Centered Systems},
  author={Holtzblatt, Karen and Beyer, Hugh},
  year={1997},
  publisher={\pubelsevier}
}

@inproceedings{ref:suzuki2017tracediff,
  title={TraceDiff: Debugging unexpected code behavior using trace divergences},
  author={Suzuki, Ryo and Soares, Gustavo and Head, Andrew and Glassman, Elena and Reis, Ruan and Mongiovi, Melina and D'Antoni, Loris and Hartmann, Bj\"orn},
  booktitle={\confvlhcc},
  pages={107--115},
  year={2017},
  organization={\pubieee}
}

@inproceedings{ref:le2018deep,
  title={Deep specification mining},
  author={Le, Tien-Duy B. and Lo, David},
  booktitle={\confissta},
  pages={106--117},
  year={2018},
  publisher={\pubacm},
}

@article{ref:ammons2002mining,
  title={Mining specifications},
  author={Ammons, Glenn and Bod\'ik, Rastislav and Larus, James R.},
  journal={\confpopl},
  pages={4--16},
  year={2002},
  publisher={\pubacm}
}

@inproceedings{ref:claessen2010quickspec,
  title={QuickSpec: Guessing Formal Specifications using Testing},
  author={Claessen, Koen and Smallbone, Nicholas and Hughes, John},
  booktitle={International Conference on Tests and Proofs},
  year={2010},
  publisher={\pubspringer}
}

@article{ref:goldstein2022some,
  title={Some Problems with Properties},
  author={Goldstein, Harrison and Cutler, Joseph W. and Stein, Adam and Pierce, Benjamin C. and Head, Andrew},
  booktitle={\confhatra},
  publisher={\pubacm},
  year={2022}
}

@inproceedings{ref:head2017writing,
  title={Writing Reusable Code Feedback at Scale with Mixed-Initiative Program Synthesis},
  author={Head, Andrew and Glassman, Elena and Soares, Gustavo and Suzuki, Ryo and Figueredo, Lucas and D'Antoni, Loris and Hartmann, Bj{\"o}rn},
  booktitle={\conflas},
  pages={89--98},
  year={2017},
  publisher={\pubacm}
}

@online{tool:jetbrains,
  key = "JetBrains",
  title = {JetBrains},
  url = {https://www.jetbrains.com/},
  urlyear = {2022-12-14}
}

@inproceedings{ref:lim2018ply,
  title={Ply: A Visual Web Inspector for Learning from Professional Webpages},
  author={Lim, Sarah and Hibschman, Joshua and Zhang, Haoqi and O'Rourke, Eleanor},
  booktitle={\confuist},
  pages={991--1002},
  year={2018},
  publisher={\pubacm}
}

@inproceedings{ref:omar2012active,
  title={Active code completion},
  author={Omar, Cyrus and Yoon, YoungSeok and LaToza, Thomas D. and Myers, Brad A.},
  booktitle={\conficse},
  pages={859--869},
  year={2012},
  published={\pubieee}
}

@inproceedings{ref:omar2021filling,
  title={Filling Typed Holes with Live {GUIs}},
  author={Omar, Cyrus and Moon, David and Blinn, Andrew and Voysey, Ian and Collins, Nick and Chugh, Ravi},
  booktitle={\confpldi},
  pages={511--525},
  year={2021},
  publisher={\pubacm}
}

@inproceedings{ref:kery2020mage,
  title={{mage}: Fluid moves between code and graphical work in computational notebooks},
  author={Kery, Mary Beth and Ren, Donghao and Hohman, Fred and Moritz, Dominik and Wongsuphasawat, Kanit and Patel, Kayur},
  booktitle={\confuist},
  pages={140--151},
  year={2020},
  publisher={\pubacm}
}

@online{tool:lighttable,
  key="Light Table",
  title = {Light Table},
  url = {http://lighttable.com/},
  urlyear = {2022-12-14}
}

@inproceedings{ref:omar2019live,
  title={Live Functional Programming with Typed Holes},
  author={Omar, Cyrus and Voysey, Ian and Chugh, Ravi and Hammer, Matthew A.},
  booktitle={\confpopl},
  note = {\articleno{14}},
  pages={14:1--14:32},
  year={2019},
  publisher={\pubacm}
}

@inproceedings{ref:hohman2019gamut,
  title={Gamut: A Design Probe to Understand How Data Scientists Understand Machine Learning Models},
  author={Hohman, Fred and Head, Andrew and Caruana, Rich and DeLine, Robert and Drucker, Steven M.},
  booktitle={\confchi},
  publisher={\pubacm},
  year={2019},
  note={\paperno{579}}
}

@inproceedings{ref:hohman2020understanding,
  title={Understanding and Visualizing Data Iteration in Machine Learning},
  author={Hohman, Fred and Wongsuphasawat, Kanit and Kery, Mary Beth and Patel, Kayur},
  booktitle={\confchi},
  publisher={\pubacm},
  year={2020},
  note={\paperno{50}}
}

@inproceedings{ref:lee2021lux,
  title={Lux: Always-on Visualization Recommendations for Exploratory Dataframe Workflows},
  author={Lee, Doris Jung-Lin and Tang, Dixin and Agarwal, Kunal and Boonmark, Thyne and Chen, Caitlyn and Kang, Jake and Mukhopadhyay, Ujjaini and Song, Jerry and Yong, Micah and Hearst, Marti A. and Parameswaran, Aditya G.},
  booktitle={\confvldb},
  pages={727--738},
  year={2022}
}

@inproceedings{ref:head2018when,
  title={When Not to Comment: {Q}uestions and Tradeoffs with {API} Documentation for {C++} Projects},
  author={Head, Andrew and Sadowski, Caitlin and Murphy-Hill, Emerson and Knight, Andrea},
  booktitle={\conficse},
  pages={643--653},
  publisher={\pubacm},
  year={2018}
}

@article{ref:lawrance2010programmers,
  title={How Programmers Debug, Revisited: An Information Foraging Theory Perspective},
  author={Lawrance, Joseph and Bogart, Christopher and Burnett, Margaret and Bellamy, Rachel and Rector, Kyle and Fleming, Scott D.},
  journal={\journaltse},
  volume={39},
  number={2},
  pages={197--215},
  year={2010},
  publisher={\pubieee}
}

@inproceedings{ref:blackwell2002first,
  title={First Steps in Programming: A Rationale for Attention Investment Models},
  author={Blackwell, Alan F.},
  booktitle={Proceedings of the Symposia on Human Centric Computing Languages and Environments},
  pages={2--10},
  year={2002},
  organization={\pubieee}
}

@article{ref:ko2005framework,
  title={A framework and methodology for studying the causes of software errors in programming systems},
  author={Ko, Amy J. and Myers, Brad A.},
  journal={\journaljvlc},
  volume={16},
  pages={41--84},
  year={2005},
  publisher={\pubelsevier}
}

@inproceedings{ref:henley2014patchworks,
  title={The {P}atchworks Code Editor: Toward Faster Navigation with Less Code Arranging and Fewer Navigation Mistakes},
  author={Henley, Austin Z. and Fleming, Scott D.},
  booktitle={\confchi},
  pages={2511--2520},
  publisher={\pubacm},
  year={2014}
}

@inproceedings{ref:ko2004six,
  title={Six Learning Barriers in End-User Programming Systems},
  author={Ko, Amy J. and Myers, Brad A. and Aung, Htet Htet},
  booktitle={\confvlhcc},
  pages={199--206},
  year={2004},
  publisher={\pubieee}
}

@inproceedings{ref:potter2022contextualized,
  title={Contextualized Programming Language Documentation},
  author={Potter, Hannah and Madadi, Ardi and Just, Ren{\'e} and Omar, Cyrus},
  booktitle={\confonward},
  pages={1--15},
  publisher={\pubacm},
  year={2022}
}

@article{ref:dantoni2015can,
  title={How Can Automatic Feedback Help Students Construct Automata?},
  author={D'Antoni, Loris and Kini, Dileep and Alur, Rajeev and Gulwani, Sumit and Viswanathan, Mahesh and Hartmann, Bj{\"o}rn},
  journal={\journaltochi},
  volume={22},
  number={2},
  pages={9:1--9:24},
  year={2015},
  publisher={\pubacm}
}

@article{ref:murphyhill2019predicts,
  title={What Predicts Software Developers' Productivity?},
  author={Murphy-Hill, Emerson and Jaspan, Ciera and Sadowski, Caitlin and Shepherd, David and Phillips, Michael and Winter, Collin and Knight, Andrea and Smith, Edward and Jorde, Matthew},
  journal={\journaltse},
  volume={47},
  number={3},
  pages={582--594},
  year={2019},
  publisher={\pubieee}
}

@article{ref:myers2000past,
  title={Past, Present, and Future of User Interface Software Tools},
  author={Myers, Brad and Hudson, Scott E. and Pausch, Randy},
  journal={\journaltochi},
  volume={7},
  number={1},
  pages={3--28},
  year={2000},
  publisher={\pubacm}
}

@incollection{ref:pirolli2003exploring,
  title={Exploring and Finding Information},
  author={Pirolli, Peter},
  booktitle={HCI Models, Theories, and Frameworks: Toward a Multidisciplinary Science},
  pages={157--191},
  year={2003},
  publisher={\pubmorgankaufmann}
}

@article{ref:brown2004consideration,
  title={Consideration of the origin of {Herbert Simon's} theory of ``satisficing'' (1933--1947)},
  author={Brown, Reva},
  journal={Management Decision},
  volume={42},
  number={10},
  pages={1240--1256},
  year={2004},
  publisher={\pubemerald}
}

@article{ref:ko2015practical,
  title={A practical guide to controlled experiments of software engineering tools with human participants},
  author={Ko, Amy J. and LaToza, Thomas D. and Burnett, Margaret M.},
  journal={Empirical Software Engineering},
  volume={20},
  pages={110--141},
  year={2013},
  publisher={\pubspringer}
}

@incollection{ref:blackwell2003notational,
  title={Notational Systems---The {C}ognitive {D}imensions of {N}otations Framework},
  author={Blackwell, Alan and Green, Thomas},
  booktitle={HCI Models, Theories, and Frameworks: Toward a Multidisciplinary Science},
  publisher = {\pubmorgankaufmann},
  pages = {103--134},
  year={2003}
}

@book{ref:blandford2016qualitative,
  title={Qualitative {HCI} Research: {G}oing Behind the Scenes},
  author={Blandford, Ann and Furniss, Dominic and Makri, Stephann},
  series={Synthesis Lectures on Human-Centered Informatics},
  year={2016},
  publisher={Morgan \& Claypool Publishers}
}

@inproceedings{ref:gerdes2018understanding,
  title={Understanding Formal Specifications through Good Examples},
  author={Gerdes, Alex and Hughes, John and Smallbone, Nicholas and Hanenberg, Stefan and Ivarsson, Sebastian and Wang, Meng},
  booktitle={Proceedings of the International Workshop on Erlang},
  pages={13--24},
  year={2018},
  publisher={\pubacm}
}
 
@inproceedings{ref:fok2023scim,
  title={Scim: Intelligent Skimming Support for Scientific Papers},
  author={Fok, Raymond and Kambhamettu, Hita and Soldaini, Luca and Bragg, Jonathan and Lo, Kyle and Hearst, Marti A. and Head, Andrew and Weld, Daniel S.},
  year={2023},
  booktitle={\confiui},
  publisher={ACM},
  note={\toappear}
}

@article{ref:august2022paper,
  title={Paper {P}lain: Making Medical Research Papers Approachable to Healthcare Consumers with Natural Language Processing},
  author={August, Tal and Wang, Lucy Lu and Bragg, Jonathan and Hearst, Marti A. and Head, Andrew and Lo, Kyle},
  journal={\journaltochi},
  year={2023},
  note={\toappear}
}

% Need to check bibliographic contents from here...
@inproceedings{ref:hullman2013contextifier,
  title={Contextifier: automatic generation of annotated stock visualizations},
  author={Jessical Hullman and Nicholas Diakopoulos and Eytan Adar},
  booktitle={\confchi},
  year={2013}
}

@booklet{ref:hohman2020communicating,
  title={Communicating with Interactive Articles},
  author={Fred Hohman and Matthew Conlen and Jeffrey Heer and Duen Horng Chau},
  howpublished={distill.pub},
  year={2020}
}

@book{ref:knuth1986tex,
  title={TeX: The Program},
  author={Donald Knuth},
  publisher={Addison-Wesley},
  year={1985}
}

@inproceedings{ref:latif2021kori,
  title={Kori: Interactive Synthesis of Text and Charts in Data Documents},
  author={Shahid Latif and Zheng Zhou and Yoon Kim and Fabian Beck and Nam Wook Kim},
  booktitle={Proceedings of the IEEE Visualization Conference},
  year={2021}
}

@inproceedings{ref:kang2020armath,
  title={ARMath: Augmenting Everyday Life with Math Learning},
  author={Seokbin Kang and Ekta Shokeen and Virginia L. Byrne and Leyla Norooz and Elizabeth M. Bonsignore and Caro Williams-Pierce and Jon Froehlich},
  booktitle={\confchi},
  year={2020}
}

@article{ref:adams2003reading,
  title={Reading mathematics: More than words can say},
  author={Adams, Thomasenia Lott},
  journal={The Reading Teacher},
  volume={56},
  number={8},
  pages={786--795},
  year={2003},
  publisher={JSTOR}
}

@book{ref:holsti1969content,
  title={Content Analysis for the Social Sciences and Humanities},
  author={Ole Holsti},
  publisher={Addison-Wesley},
  year={1969}
}

@inproceedings{ref:warner2018electrotutor,
  title={ElectroTutor: Test-Driven Physical Computing Tutorials},
  author={Jeremy Warner and Ben Lafreniere and George Fitzmaurice and Tovi Grossman},
  booktitle={\confuist},
  pages = {435–446},
  year={2018}
}

@inproceedings{ref:zeleznik2010handson,
  title={Hands-on math: a page-based multi-touch and pen desktop for technical work and problem solving},
  author={Robert C. Zeleznik and Andrew Bragdon and Ferdi Adeputra and Hsu-Sheng Ko},
  booktitle={\confuist},
  year={2010}
}

@inproceedings{ref:dragicevic2019increasing,
  title={Increasing the Transparency of Research Papers with Explorable Multiverse Analyses},
  author={Pierre Dragicevic and Yvonne Jansen and Abhraneel Sarma and Matthew Kay and Fanny Chevalier},
  booktitle={\confchi},
  pages = {1–15},
  year={2019}
}

@article{ref:yung2015effects,
  title={Effects of Computer-Based Visual Representation on Mathematics Learning and Cognitive Load},
  author={Hsin I. Yung and Fred Paas},
  journal={J. Educ. Technol. Soc.},
  year={2015},
  volume={18},
  pages={70-77}
}

@inproceedings{ref:head2021augmenting,
  title={Augmenting Scientific Papers with Just-in-Time, Position-Sensitive Definitions of Terms and Symbols},
  author={Andrew Head and Kyle Lo and Dongyeop Kang and Raymond Fok and Sam Skjonsberg and Daniel S. Weld and Marti A. Hearst},
  booktitle={\confchi},
  year={2021}
}

@inproceedings{ref:kim2018facilitating,
  title={Facilitating Document Reading by Linking Text and Tables},
  author={Dae Hyun Kim and Enamul Hoque and Juho Kim and Maneesh Agrawala},
  booktitle={\confuist},
  pages = {423–434},
  year={2018}
}

@article{ref:bryan2017temporal,
  title={Temporal Summary Images: An Approach to Narrative Visualization via Interactive Annotation Generation and Placement},
  author={Chris Bryan and Kwan-Liu Ma and Jonathan Woodring},
  journal={\journaltvcg},
  year={2017},
  volume={23},
  number={1},
  pages={511-520}
}

@article{ref:landy2007formal,
  title={Formal notations are diagrams: Evidence from a production task},
  author={David Landy and Robert L. Goldstone},
  journal={Memory \& Cognition},
  year={2007},
  volume={35},
  pages={2033-2040}
}

@phdthesis{ref:roy2014evaluating,
  title={Evaluating novel pedagogy in higher education: a case study of e-proofs},
  author={Somali Roy},
  school={Loughborough University},
  year={2014}
}

@inproceedings{ref:ion2001mathematical,
  title={Mathematical Markup Language (MathML) Version 3.0},
  author={Patrick D. F. Ion and Robert R. Miner and Ron Ausbrooks and S. Buswell and D. Carlisle and Giorgi Chavchanidze and St{\'e}phane Dalmas and S. Devitt and Angel D{\'i}az and S. Dooley and R. Hunter and M. Kohlhase and A. Lazrek and P. Libbrecht and B. Miller and C. Rowley and M. Sargent and Bruce T. Smith and Neil Soiffer and R. Sutor and S. Watt},
  booktitle={WWW 2001},
  year={2001}
}

@article{ref:satyanarayan2014authoring,
  title={Authoring Narrative Visualizations with Ellipsis},
  author={Arvind Satyanarayan and Jeffrey Heer},
  journal={Computer Graphics Forum},
  year={2014},
  volume={33}
}

@inproceedings{ref:hullman2018improving,
  title={Improving Comprehension of Measurements Using Concrete Re-expression Strategies},
  author={Jessica Hullman and Yea-Seul Kim and Frances Nguyen and Lauren Speers and Maneesh Agrawala},
  booktitle={\confchi},
  year={2018}
}

@article{ref:srinivasan2019augmenting,
  title={Augmenting Visualizations with Interactive Data Facts to Facilitate Interpretation and Communication},
  author={Arjun Srinivasan and Steven Drucker and Alex Endert and John Stasko},
  journal={\journaltvcg},
  year={2019},
  volume={25},
  pages={672-681}
}

@inproceedings{ref:ren2017chartaccent,
  title={ChartAccent: Annotation for data-driven storytelling},
  author={Donghao Ren and M. Brehmer and Bongshin Lee and Tobias H{\"o}llerer and E. Choe},
  booktitle={Proceedings of the IEEE Pacific Visualization Symposium (PacificVis)},
  year={2017},
  pages={230-239}
}

@article{ref:wege2020iconicity,
  title={Iconicity in Mathematical Notation: Commutativity and Symmetry},
   author={Wege, Theresa E. and Batchelor, Sophie and Inglis, Matthew and Mistry, Honali and Schlimm, Dirk},
    journal={Journal of Numerical Cognition}, 
  year={2020},
  volume={6},
  publisher={PsychOpen},
  pages={378-392}
}

@inproceedings{ref:saquib2021constructing,
  title={Constructing Embodied Algebra by Sketching},
  author={Saquib, Nazmus and Kazi, Rubaiat Habib and Wei, Li-yi and Mark, Gloria and Roy, Deb},
  booktitle={\confchi},
  year={2021}
}

@article{ref:hullman2011visualization,
  title={Visualization Rhetoric: Framing Effects in Narrative Visualization},
  author={Jessica Hullman and Nicholas Diakopoulos},
  journal={\journaltvcg},
  year={2011},
  volume={17},
  pages={2231-2240}
}

@article{ref:ye2020penrose,
  title={Penrose: from mathematical notation to beautiful diagrams},
   author={Ye, Katherine and Ni, Wode and Krieger, Max and Ma'ayan, Dor and Wise, Jenna and Aldrich, Jonathan and Sunshine, Joshua and Crane, Keenan},
    journal={ACM Transactions on Graphics (TOG)},
  year={2020},
  volume={39},
  pages={144}
}

@inproceedings{ref:cai2019software,
  title={Software Developers Learning Machine Learning: Motivations, Hurdles, and Desires},
  author={Carrie J. Cai and Philip J. Guo},
  booktitle={\confvlhcc},
  year={2019},
  pages={25-34}
}

@inproceedings{ref:seyser2018scrollytelling,
  title={Scrollytelling – An Analysis of Visual Storytelling in Online Journalism},
  author={Doris Seyser and M. Zeiller},
  booktitle={2018 22nd International Conference Information Visualisation (IV)},
  year={2018},
  pages={401-406}
}

@article{ref:osterholm2006characterizing,
  title={Characterizing Reading Comprehension of Mathematical Texts},
  author={Magnus {\"O}sterholm},
  journal={Educational Studies in Mathematics},
  year={2006},
  volume={63},
  pages={325-346}
}

@inproceedings{ref:lu2021automatic,
  title={Automatic Generation of Unit Visualization-based Scrollytelling for Impromptu Data Facts Delivery},
  author={Lu, Junhua and Chen, Wei and Ye, Hui and Wang, Jie and Mei, Honghui and Gu, Yuhui and Wu, Yingcai and Zhang, Xiaolong Luke and Ma, Kwan-Liu},
  booktitle={Proceedings of the IEEE Pacific Visualization Symposium (PacificVis)},
  year={2021},
  pages={21-30}
}

@InProceedings{ref:kohlhase2018discourse,
author="Kohlhase, Andrea
and Kohlhase, Michael
and Ouypornkochagorn, Taweechai",
editor="Rabe, Florian
and Farmer, William M.
and Passmore, Grant O.
and Youssef, Abdou",
title="Discourse Phenomena in Mathematical Documents",
booktitle="Intelligent Computer Mathematics",
year="2018",
publisher="Springer International Publishing",
address="Cham",
pages="147--163",
}

@book{ref:tufte1985visual,
  title={The visual display of quantitative information},
  author={Edward Tufte},
  publisher={Graphics Press},
  year={1985}
}

@inproceedings{ref:dragunov2003designing,
  title={Designing intelligent and dynamic interfaces for communicating mathematics},
  author={Anton N. Dragunov and Jonathan L. Herlocker},
  booktitle={Proceedings of the International Conference on Intelligent User Interfaces},
  year={2003}
}

@article{ref:alcock2011eproofs,
  title={e-Proofs: Design of a Resource to Support Proof Comprehension in Mathematics},
  author={Lara Alcock and Nicola Wilkinson},
  journal={Educational Designer},
  volume=1,
  number=4,
  year={2011}
}

@inproceedings{ref:kim2019thumbnails,
  title={Thumbnails for Data Stories: A Survey of Current Practices},
  author={Kim, Hwiyeon and Oh, Juyoung and Han, Yunha and Ko, Sungahn and Brehmer, Matthew and Kwon, Bum Chul},
  booktitle={Proceedings of the IEEE Visualization Conference},
  year={2019},
  pages={116-120}
}

@inproceedings{ref:kong2019understanding,
  title={Understanding Visual Cues in Visualizations Accompanied by Audio Narrations},
  author={{Ha-kyung} Kong and Wenjie Zhu and Zhicheng Liu and Karrie Karahalios},
  booktitle={\confchi},
  year={2019}
}

@inproceedings{ref:diaz2021mathdeck,
  title={The MathDeck Formula Editor: Interactive Formula Entry Combining LaTeX , Structure Editing, and Search},
  author={Yancarlos Diaz and Gavin Nishizawa and Behrooz Mansouri and Kenny Davila and Richard Zanibbi},
  booktitle={\confchi},
  year={2021}
}

@inproceedings{ref:conlen2018idyll,
  title={Idyll: A Markup Language for Authoring and Publishing Interactive Articles on the Web},
  author={Matthew Conlen and Jeffrey Heer},
  booktitle={\confuist},
  year={2018}
}

@inproceedings{ref:jansen1999perceiving,
  title={Perceiving structure in mathematical expressions},
  author={Anthony R. Jansen and Kim Marriott and Greg Yelland},
  booktitle={Proceedings of the  Conference of the Cognitive Science Society},
  year={1999}
}

@article{ref:badam2019elastic,
  title={Elastic Documents: Coupling Text and Tables through Contextual Visualizations for Enhanced Document Reading},
  author={Sriram Karthik Badam and Zhicheng Liu and Niklas Elmqvist},
  journal={\journaltvcg},
  year={2019},
  volume={25},
  number={1},
  pages={661-671}
}

@article{ref:ge2020canis,
  title={Canis: A High‐Level Language for Data‐Driven Chart Animations},
  author={Tong Ge and Yue Zhao and Bongshin Lee and Donghao Ren and Baoquan Chen and Yunhai Wang},
  journal={Computer Graphics Forum},
  publisher={Wiley},
  year={2020},
  volume={39}
}

@article{ref:sarikaya2019what,
  title={What Do We Talk About When We Talk About Dashboards?},
  author={Alper Sarikaya and M. Correll and L. Bartram and Melanie K. Tory and Danyel Fisher},
  journal={\journaltvcg},
  year={2019},
  volume={25},
  pages={682-692}
}

@article{ref:shepherd2014reading,
  title={Reading mathematics for understanding—From novice to expert},
  author={Mary D. Shepherd and Carla V. D. Sande},
  journal={The Journal of Mathematical Behavior},
  year={2014},
  volume={35},
  pages={74-86}
}

@manual{tool:victortangle,
  title={Tangle: a JavaScript library for reactive documents},
  author={Victor, Bret},
  note = {Last accessed August 15, 2021},
  url = {http://worrydream.com/Tangle/}
}

@manual{tool:carlisle1997color,
  title={The \texttt{color} package},
  author={Carlisle, David P.},
  year={1997},
  address={CTAN-Archive}
}

@booklet{ref:hohman2020awesome,
  title={Awesome Mathematical Notation Design},
  author={Hohman, Fred and {other contributors}},
  year={2020},
  url = {https://github.com/fredhohman/awesome-mathematical-notation-design}
}

@misc{ref:3Blue1Brown,
  title={3Blue1Brown},
  author={Sanderson, Grant},
  note={Last accessed September 8, 2021},
  url = {https://www.youtube.com/c/3blue1brown}
}

@manual{tool:manim,
  author={Sanderson, Grant},
  title={Manim},
  organization={Manim Community},
  url = {https://3b1b.github.io/manim/}
}

@book{ref:knuth1986computers,
  title={Computers \& Typesetting, Vol. A: The \TeX{}book},
  author={Knuth, Donald Ervin},
  year={1986},
  publisher={Addison-Wesley Longman Publishing Co., Inc.}
}

@manual{tool:madsen2014mathtools,
  title={The mathtools package},
  author={Madsen, Lars and Robertson, Will and Wright, Joseph},
  year={2014},
  address={CTAN-Archive, ctan.org}
}

@manual{tool:katex,
  author={Emily Eisenberg and Sophie Alpert},
  url = {https://katex.org},
  note = {Last accessed September 16, 2020},
  title = {KaTeX}
}

@inproceedings{ref:satyanarayan2017vegalite,
  title={Vega-Lite: A Grammar of Interactive Graphics},
  author={Arvind Satyanarayan and Dominik Moritz and Kanit Wongsuphasawat and Jeffrey Heer},
  booktitle={\journaltvcg},
  year={2017},
  volume={23},
  pages={341-350}
}

@misc{ref:hall2021illustrated,
  author = {Hall, Matt},
  url = {https://agilescientific.com/blog/2021/1/14/illuminated-equations},
  year = {2021},
  note={Last accessed September 9, 2021}
}

@inproceedings{ref:kong2014extracting,
  title={Extracting references between text and charts via crowdsourcing},
  author={Kong, Nicholas and Hearst, Marti A. and Agrawala, Maneesh},
  booktitle={\confchi},
  pages={31--40},
  year={2014}
}

@manual{ref:beynonbuildyourowntf,
  author={Tali Benyon},
  url={https://taliesin.ai/projects/edu/indaba-2019/},
  organization={Deep Learning Indaba},
  note = {Last accessed December 27, 2021},
  title = {Build your own Tensorflow}
}

@manual{ref:alexanderexponential,
  author={Alexander, Andrew M.H.},
  url = {http://www.andrusia.com/math/complex-numbers/eulers-identity.pdf},
  note = {Last accessed December 27, 2021},
  title = {Exponential Improvements}
}

@manual{ref:basurco2017isaac,
  author={Basurco, Sergio},
  url = {https://chuckleplant.github.io/2017/05/28/light-shafts.html},
  date = {May 28, 2017},
  note = {Last accessed December 27, 2021},
  title = {Isaac Hayes Wallpaper Generator - Volumetric light scattering, 1 of 2}
}

@book{ref:raff2020inside,
  title={Inside Deep Learning: Math, Algorithms, Models},
  author={Raff, Edward},
  year = {2020},
  publisher = {Manning},
}

@article{ref:goh2017momentum,
  title={Why momentum really works},
  author={Goh, Gabriel},
  journal={Distill},
  volume={2},
  number={4},
  pages={e6},
  url = {http://distill.pub/2017/momentum},
  year={2017}
}

@manual{ref:rougeuxeuclid,
  author={Rougeux, Nicholas},
  url = {https://www.c82.net/euclid/book1},
  note = {Last accessed December 30, 2021},
  title = {Byrne's Euclid},
}

@inproceedings{ref:greydanus2019path,
  author = {Greydanus, Sam and Olah, Chris},
  title = {The Paths Perspective on Value Learning},
  booktitle = {Distill},
  year = {2019},
  url = {https://distill.pub/2019/paths-perspective-on-value-learning},
}

@article{ref:cockett2016pixels,
  author={Rowan Cockett and Lindsey Heagy and Doug Oldenburg},
  title = {Pixels and their neighbors: Finite volume},
  journal = {The Leading Edge},
  volume=35,
  number=8,
  year=2016,
  pages="703-706"
}

@book{ref:corbin2008basics,
  title={Basics of Qualitative Research: Techniques and Procedures for Developing Grounded Theory},
  author={Corbin, Juliet and Strauss, Anselm},
  year={2008},
  edition={3rd},
  publisher={SAGE Publications}
}

% These were pasted from ScholarPhi paper: deduplicate and doublecheck cleanliness.

@unpublished{ref:wright2020comparative,
  title={A Comparative Analysis of Industry Human-AI Interaction Guidelines},
  author={Wright, Austin P. and Wang, Zijie J. and Park, Haekyu and Guo, Grace and Sperrle, Fabian and El-Assady, Mennatallah and Endert, Alex and Keim, Daniel and Chau, Duen Horng (Polo)},
  archivePrefix = {arXiv},
  eprint={2010.11761},
  year={2020},
  primaryClass={cs.HC}
}

@incollection{ref:schwartz2002simple,
  title={A simple algorithm for identifying abbreviation definitions in biomedical text},
  author={Schwartz, Ariel S. and Hearst, Marti A.},
  booktitle={Pacific Symposium on Biocomputing},
  pages={451--462},
  year={2003},
  publisher={World Scientific Press}
}

@unpublished{ref:veyseh2020acronym,
  title={Acronym Identification and Disambiguation Shared Tasks for Scientific Document Understanding},
  author={Veyseh, Amir Pouran Ben and Dernoncourt, Franck and Nguyen, Thien Huu and Chang, Walter and Celi, Leo Anthony},
  archivePrefix = {arXiv},
  eprint = {2012.11760},
  year={2020},
  primaryClass={cs.CL}
}

@unpublished{ref:lee2019deep,
  author = {{Lee}, Juho and {Lee}, Yoonho and {Whye Teh}, Yee},
  title = "{Deep Amortized Clustering}",
  year = 2019,
  archivePrefix = {arXiv},
  eprint = {1909.13433},
  primaryClass = {cs.LG}
}

@article{ref:landauer1993enhancing,
  title={Formative Design-Evaluation of SuperBook},
  author={Egan, Dennis E. and Remde, Joel R. and Gomez, Louis M. and Landauer, Thomas K. and Eberhardt, Jennifer and Lochbaum, Carol C.},
  journal={ACM Transactions on Information Systems},
  volume={7},
  number={1},
  pages={30--57},
  year={1989},
  publisher={ACM}
}

@inproceedings{ref:li2020docbank,
  title={DocBank: A Benchmark Dataset for Document Layout Analysis},
  author={Li, Minghao and Xu, Yiheng and Cui, Lei and Huang, Shaohan and Wei, Furu and Li, Zhoujun and Zhou, Ming},
  booktitle={Proceedings of the International Conference on Computational Linguistics},
  year={2020},
  publisher={International Committee on Computational Linguistics},
  pages={949--960}
}

@article{Bates2014FittingLM,
  title = {Fitting Linear Mixed-Effects Models Using lme4},
  author = {Bates, Douglas and M\"achler, Martin and Bolker, Benjamin M. and Walker, Steven C.},
  month = {October},
  year = 2015,
  journal = {Journal of Statistical Software},
  volume = 67,
  number = 1,
  pages = {1--48}
}

@article{Cnaan1997UsingTG,
  title = {Using the general linear mixed model to analyse unbalanced repeated measures and longitudinal data},
  author = {Cnaan, Avital and Laird, Nan M. and Slasor, Peter},
  year = 1997,
  journal = {Statistics in Medicine},
  volume = 16,
  number = 20,
  pages = {2349--2380}
}

@article{cudeck-1996-mixed-models-repeated-measures-behavioral,
  title = {Mixed-effects Models in the Study of Individual Differences with Repeated Measures Data},
  author = {Robert Cudeck},
  year = 1996,
  journal = {Multivariate Behavioral Research},
  volume = 31,
  number = 3,
  pages = {371--403}
}

@article{Hearst2020AnEO,
  title = {An Evaluation of Semantically Grouped Word Cloud Designs},
  author = {Marti A. Hearst and Pedersen, Emily and Patil, Lekha and Lee, Elsie and Laskowski, Paul and Franconeri, Steven},
  month = {September},
  year = 2020,
  journal = {IEEE Transactions on Visualization and Computer Graphics},
  volume = 26,
  number = 9,
  pages = {2748--2761},
  publisher = {IEEE}
}

@article{holm79,
  title = {A Simple Sequentially Rejective Multiple Test Procedure},
  author = {Sture Holm},
  year = 1979,
  journal = {Scandinavian Journal of Statistics},
  volume = 6,
  number = 2,
  pages = {65--70},
}

@article{Kuznetsova2017lmerTestPT,
  title = {lmerTest Package: Tests in Linear Mixed Effects Models},
  author = {Kuznetsova, Alexandra and Brockhoff, Peter and Christensen, Rune H. B.},
  month = {December},
  year = 2017,
  journal = {Journal of Statistical Software},
  volume = 82,
  number = 13,
  pages = {1--26}
}

@article{Lindstrom1990NonlinearME,
  title = {Nonlinear Mixed Effects Models for Repeated Measures Data},
  author = {Lindstrom, Mary J. and Bates, Douglas M.},
  month = {September},
  year = 1990,
  journal = {Biometrics},
  volume = {46},
  number = 3,
  pages = {673--687}
}

@article{ref:badam2018elastic,
  title = {Elastic Documents: Coupling Text and Tables through Contextual Visualizations for Enhanced Document Reading},
  author = {Badam, Sriram Karthik and Liu, Zhicheng and Elmqvist, Niklas},
  month = {January},
  year = 2019,
  journal = {IEEE Transactions on Visualization and Computer Graphics},
  volume = 25,
  number = 1,
  pages = {661--671}
}

@article{ref:barth2019readability,
  title = {On the readability of leaders in boundary labeling},
  author = {Barth, Lukas and Gemsa, Andreas and Niedermann, Benjamin and N{\"o}llenburg, Martin},
  year = 2019,
  journal = {Information Visualization},
  volume = 18,
  number = 1,
  pages = {110--132},
  publisher = {SAGE Publications}
}

@article{ref:bazerman1985physicists,
  title = {Physicists Reading Physics: Schema-Laden Purposes and Purpose-Laden Schema},
  author = {Bazerman, Charles},
  month = {January},
  year = 1985,
  journal = {Written Communication},
  volume = 2,
  number = 1,
  pages = {3--23}
}

@article{ref:bush1945we,
  title = {As we may think},
  author = {Bush, Vannevar},
  month = {July},
  year = 1945,
  journal = {The Atlantic},
  volume = 176,
  number = 1,
  pages = {101--108}
}

@inproceedings{ref:cachola2020tldr,
    title = "{TLDR}: Extreme Summarization of Scientific Documents",
    author = "Cachola, Isabel  and
      Lo, Kyle  and
      Cohan, Arman  and
      Weld, Daniel",
    booktitle = "Findings of the Association for Computational Linguistics: EMNLP 2020",
    year = "2020",
    publisher = "Association for Computational Linguistics",
    pages = "4766--4777"
}

@article{ref:cheng2009l1glosses,
  title = {L1 glosses: Effects on EFL learners' reading comprehension and vocabulary retention},
  author = {Cheng, Ying-Hsueh and Good, Robert L.},
  month = {October},
  year = 2009,
  journal = {Reading in a Foreign Language},
  volume = {2009},
  number = {2},
  pages={119--142}
}

@unpublished{ref:cohen2016crater,
  title = {Crater Detection via Convolutional Neural Networks},
  author = {Cohen, Joseph Paul and Lo, Henry Z. and Lu, Tingting and Ding, Wei},
  year = 2016,
  archivePrefix = {arXiv},
  eprint = {1601.00978},
  primaryClass = {cs.CV}
}

@article{ref:conklin1987hypertext,
  title = {Hypertext: An Introduction and Survey},
  author = {Conklin, Jeff},
  month = {September},
  year = 1987,
  journal = {Computer},
  volume = 20,
  number = 9,
  pages = {17--41}
}

@article{ref:destefano2007cognitive,
  title = {Cognitive load in hypertext reading: A review},
  author = {DeStefano, Diana and LeFevre, Jo-Anne},
  month = {May},
  year = 2007,
  journal = {Computers in Human Behavior},
  volume = 23,
  number = 3,
  pages = {1616--1641}
}

@inproceedings{ref:dwyer2005fast,
  title={Fast Node Overlap Removal},
  author={Dwyer, Tim and Marriott, Kim and Stuckey, Peter J.},
  booktitle={International Symposium on Graph Drawing},
  pages={153--164},
  year={2005},
  publisher={Springer}
}

@article{ref:hillesund2010digital,
  title = {Digital reading spaces: How expert readers handle books, the Web and electronic paper},
  author = {Hillesund, Terje},
  month = {April},
  year = 2010,
  journal = {First Monday},
  volume = 15,
  number = 4,
  publisher = {University of Illinois at Chicago Library}
}

@article{ref:inglis2012expert,
  title = {Expert and Novice Approaches to Reading Mathematical Proofs},
  author = {Inglis, Matthew and Alcock, Lara},
  month = {July},
  year = 2012,
  journal = {Journal for Research in Mathematics Education},
  volume = 43,
  number = 4,
  pages = {358--390}
}

@inproceedings{ref:jiang2014crowdhilite,
  title = {CrowdHiLite: A Peer Review Service to Support Serious Reading on the Screen},
  author = {Jiang, Nan and Dogan, Huseyin},
  year = {2014},
  booktitle = {Proceedings of the International BCS Human Computer Interaction Conference},
  publisher = {British Computer Society},
  pages = {323--328}
}

@article{ref:kohlhase2011planetary,
  title = {The Planetary System: Web 3.0 \& Active Documents for STEM},
  author = {Kohlhase, Michael and Corneli, Joseph and David, Catalin and Ginev, Deyan and Jucovschi, Constantin and Kohlhase, Andrea and Lange, Christoph and Matican, Bogdan and Mirea, Stefan and Zholudev, Vyacheslav},
  year = 2011,
  journal = {Procedia Computer Science},
  volume = 4,
  pages = {598--607}
}

@inproceedings{ref:kohlhase2018discourse,
  title = {Discourse Phenomena in Mathematical Documents},
  author = {Kohlhase, Andrea and Kohlhase, Michael and Ouypornkochagorn, Taweechai},
  year = 2018,
  booktitle={Proceedings of the Conference on Intelligent Computer Mathematics},
  publisher={Springer},
  pages={147--163}
}

@article{ref:late2019changes,
  title = {Changes in Scholarly Reading in Finland Over a Decade: Influences of E-Journals and Social Media},
  author = {Tenopir, Carol and Late, Elina and Talja, Sanna and Christian, Lisa},
  year = 2019,
  journal = {Libri},
  publisher={De Gruyter Saur},
  volume = 69,
  number = 3,
  pages={169--187}
}

@article{ref:late2019reading,
  title = {Reading practices in scholarly work: from articles and books to blogs},
  author = {Late, Elina and Tenopir, Carol and Talja, Sanna and Christian, Lisa},
  year = 2019,
  journal = {Journal of Documentation},
  volume = 75,
  number = 3,
  pages = {478--499},
  publisher = {Emerald Publishing Limited}
}

@article{ref:marshall2016robotreviewer,
  title={RobotReviewer: evaluation of a system for automatically assessing bias in clinical trials},
  author={Marshall, Iain J and Kuiper, Jo{\"e}l and Wallace, Byron C},
  journal={Journal of the American Medical Informatics Association},
  volume={23},
  number={1},
  pages={193--201},
  month={January},
  year={2016}
}

@article{ref:mccartney2018annotated,
  title = {Annotated Primary Literature: A Professional Development Opportunity in Science Communication for Graduate Students and Postdocs},
  author = {McCartney, Melissa and Childers, Chazman and Baiduc, Rachael R. and Barnicle, Kitch},
  month = {March},
  year = 2018,
  journal = {Journal of Microbiology \& Biology Education},
  publisher = {American Society for Microbiology (ASM)},
  volume = 19,
  number = 1,
  pages = {1--13}
}

@article{ref:mohammadi2015reads,
  title = {Who Reads Research Articles? An Altmetrics Analysis of Mendeley User Categories},
  author = {Mohammadi, Ehsan and Thelwall, Mike and Haustein, Stefanie and Larivi{\`e}re, Vincent},
  month = {September},
  year = 2015,
  journal = {Journal of the Association for Information Science and Technology},
  volume = 66,
  number = 9,
  pages = {1832--1846}
}

@article{ref:nicholas2010researchers,
  title = {Researchers' e-journal use and information seeking behaviour},
  author = {Nicholas, David and Williams, Peter and Rowlands, Ian and Jamali, Hamid R.},
  year = 2010,
  journal = {Journal of Information Science},
  volume = 36,
  number = 4,
  pages = {494--516}
}

@techreport{ref:ohara1996towards,
  title = {Towards a Typology of Reading Goals},
  author = {O'Hara, Kenton},
  year = 1996,
  institution = {Rank Xerox Research Centre}
}

@inproceedings{ref:pagel2014mathematical,
  title = {Mathematical Language Processing Project},
  author = {Pagel, Robert and Schubotz, Moritz},
  year = 2014,
  booktitle = {Proceedings of the Conference on Intelligent Computer Mathematics},
}

@article{ref:phong2020hybrid,
  title={A Hybrid Method for Mathematical Expression Detection in Scientific Document Images},
  author={Phong, Bui Hai and Hoang, Thang Manh and Le, Thi-Lan},
  journal={IEEE Access},
  volume={8},
  pages={83663--83684},
  year={2020},
  publisher={IEEE}
}

@article{ref:pirolli1999information,
  title={Information Foraging},
  author={Pirolli, Peter and Card, Stuart K.},
  journal={Psychological Review},
  volume=106,
  number=4,
  pages={643--675},
  year=1999,
}

@article{ref:roby1999whats,
  title = {"What's in a gloss?": A commentary on Lara L. Lomicka's "To gloss or not to gloss": An investigation of reading comprehension online},
  author = {Roby, Warren B.},
  month = {January},
  year = 1999,
  journal = {Language Learning \& Technology},
  volume = 2,
  number = 2,
  pages = {94--101}
}

@article{ref:rott2007effect,
  title = {The Effect of Frequency of Input-Enhancements on Word Learning and Text Comprehension},
  author = {Rott, Susanne},
  month = {June},
  year = 2007,
  journal = {Language Learning},
  volume = 57,
  number = 2,
  pages = {165--199}
}

@article{ref:roy2017multimedia,
  title = {Multimedia resources designed to support learning from written proofs: An eye-movement study},
  author = {Roy, Somali and Inglis, Matthew and Alcock, Lara},
  year = 2017,
  journal = {Educational Studies in Mathematics},
  volume = 96,
  number = 2,
  pages = {249--266}
}

@article{ref:shepherd2014reading,
  title = {Reading mathematics for understanding---From novice to expert},
  author = {Shepherd, Mary D. and Van De Sande, Carla C.},
  month = {September},
  year = 2014,
  journal = {The Journal of Mathematical Behavior},
  publisher = {Elsevier},
  volume = 35,
  pages = {74--86}
}

@unpublished{ref:strubell2018linguistically,
  title = {Linguistically-Informed Self-Attention for Semantic Role Labeling},
  author = {Strubell, Emma and Verga, Patrick and Andor, Daniel and Weiss, David and McCallum, Andrew},
  year = 2018,
  archivePrefix = {arXiv},
  eprint = {1804.08199},
  primaryClass = {cs.CL}
}

@article{ref:taylor2006effects,
  title={The Effects of CALL versus Traditional L1 Glosses on L2 Reading Comprehension},
  author={Taylor, Alan},
  journal={CALICO journal},
  volume = 23,
  number = 2,
  pages={309--318},
  year={2006},
}

@article{ref:weber2008how,
  title = {How Mathematicians Determine if an Argument Is a Valid Proof},
  author = {Weber, Keith},
  month = {July},
  year = 2008,
  journal = {Journal for Research in Mathematics Education},
  volume = 39,
  number = 4,
  pages = {431--459},
  publisher={National Council of Teachers of Mathematics}
}

@article{ref:yanagisawa2020different,
  title = {How do different forms of glossing contribute to L2 vocabulary learning from reading? A meta-regression analysis},
  author = {Yanagisawa, Akifumi and Webb, Stuart and Uchihara, Takumi},
  month = {May},
  year = 2020,
  journal = {Studies in Second Language Acquisition},
  volume = 42,
  number = 2,
  pages = {411--438}
}

@inproceedings{ref:zhao2020talk,
  title = {Talk to Papers: Bringing Neural Question Answering to Academic Search},
  author = {Zhao, Tianchang and Lee, Kyusong},
  year = 2020,
  booktitle = {Annual Meeting of the Association for Computational Linguistics},
  publisher = {Association for Computational Linguistics},
  pages = {30--36}
}

@book{ref:mattiello2017analogy,
  title = {Analogy in Word-Formation: A Study of English Neologisms and Occasionalisms},
  author = {Mattiello, Elisa},
  year = 2017,
  publisher = {De Gruyter Mouton},
}

@book{ref:norman2013design,
  title = {The design of everyday things},
  author = {Norman, Don},
  year = 2013,
  publisher = {Basic Books},
  note = {See pages 288--291, section ``The Future of Books''}
}

@book{ref:widdowson1978teaching,
  title = {Teaching Language as Communication},
  author = {Widdowson, H. G.},
  year = 1978,
  publisher = {Oxford University Press}
}

@unpublished{Christensen2018CumulativeLM,
  title = {Cumulative Link Models for Ordinal Regression with the R Package ordinal},
  author = {Christensen, Rune Haubo B},
  year = 2018,
  url = {http://cran.uni-muenster.de/web/packages/ordinal/vignettes/clm_article.pdf}
}

@inproceedings{ref:abekawa2016sidenoter,
  title = {SideNoter: Scholarly Paper Browsing System based on PDF Restructuring and Text Annotation},
  author = {Abekawa, Takeshi and Aizawa, Akiko},
  year = 2016,
  booktitle = {Proceedings of the International Conference on Computational Linguistics},
  publisher = {International Conference on Computational Linguistics},
  pages = {136--140}
}

@inproceedings{ref:adler1998diary,
  title = {A diary study of work-related reading: design implications for digital reading devices},
  author = {Adler, Annette and Gujar, Anuj and Harrison, Beverly L. and O'Hara, Kenton and Sellen, Abigail},
  publisher = {ACM},
  year = 1998,
  booktitle = {\confchi},
  pages = {241--248}
}

@inproceedings{ref:alcock2009eproofs,
  title = {e-Proofs: Student Experience of Online Resources to Aid Understanding of Mathematical Proofs},
  author = {Alcock, Lara},
  year = 2009,
  booktitle = {Proceedings of the Conference on Research in Undergraduate Mathematics Education},
  publisher = {Special Interest Group of the Mathematical Association of America on Research in Undergraduate Mathematics Education}
}

@inproceedings{ref:bier2006entityquickclick,
  title = {Entity Quick Click: Rapid Text Copying Based on Automatic Entity Extraction},
  author = {Bier, Eric A. and Ishak, Edward W. and Chi, Ed},
  year = 2006,
  booktitle = {\confchi},
  publisher = {ACM},
  pages = {562--567}
}

@inproceedings{ref:chang1998negotiation,
  title = {A Negotiation Architecture for Fluid Documents},
  author = {Chang, Bay-Wei and Mackinlay, Jock D. and Zellweger, Polle T. and Igarashi, Takeo},
  year = 1998,
  booktitle = {\confuist},
  publisher = {ACM},
  pages = {123--132}
}

@inproceedings{ref:chang2016supporting,
  title = {Supporting Mobile Sensemaking Through Intentionally Uncertain Highlighting},
  author = {Chang, Joseph Chee and Hahn, Nathan and Kittur, Aniket},
  year = 2016,
  booktitle = {\confuist},
  publisher = {ACM},
  pages = {61--68}
}

@inproceedings{ref:chilana2012lemonaid,
  title = {LemonAid: Selection-Based Crowdsourced Contextual Help for Web Applications},
  author = {Chilana, Parmit K. and Ko, Amy J. and Wobbrock, Jacob O.},
  year = 2012,
  booktitle = {\confchi},
  publisher = {ACM},
  pages = {1549--1558}
}

@inproceedings{ref:davila2019tangent,
  title = {Tangent-V: Math Formula Image Search Using Line-of-Sight Graphs},
  author = {Davila, Kenny and Joshi, Ritvik and Setlur, Srirangaraj and Govindaraju, Venu and Zanibbi, Richard},
  year = 2019,
  booktitle = {Proceedings of the European Conference on Information Retrieval},
  pages = {681--695},
  publisher = {Springer}
}

@inproceedings{ref:deridder2002visiblechi,
  title = {Visible or invisible links?\killpunct},
  author = {De Ridder, Isabelle},
  year = 2002,
  booktitle = {\confchi},
  publisher = {ACM},
  pages = {624--625}
}

@inproceedings{ref:dragicevic2011gliimpse,
  title = {Gliimpse: Animating from Markup Code to Rendered Documents and Vice Versa},
  author = {Dragicevic, Pierre and Huot, St{\'e}phane and Chevalier, Fanny},
  year = 2011,
  booktitle = {\confuist},
  publisher = {ACM},
  pages = {257--262}
}

@inproceedings{ref:graham1999reader,
  title = {The Reader's Helper: A Personalized Document Reading Environment},
  author = {Graham, Jamey},
  year = 1999,
  booktitle = {\confchi},
  publisher = {ACM},
  pages = {481--488}
}

@inproceedings{ref:grossman2015your,
  title = {Your Paper is Dead! Bringing Life to Research Articles with Animated Figures},
  author = {Grossman, Tovi and Chevalier, Fanny and Kazi, Rubaiat Habib},
  year = 2015,
  booktitle = {\confchi},
  publisher = {ACM},
  pages = {461--475}
}

@unpublished{ref:headdetection,
  title={Recognition of Composite Symbols, Their Components, and Their Locations in LaTeX-Based PDFs},
  author={Head, Andrew and Lo, Kyle and Weld, Daniel S. and Hearst, Marti A.},
  year={Forthcoming}
}

@inproceedings{ref:head2015tutorons,
  title = {Tutorons: Generating Context-Relevant, On-Demand Explanations and Demonstrations of Online Code},
  author = {Head, Andrew and Appachu, Codanda and Hearst, Marti A. and Hartmann, Bj{\"o}rn},
  year = 2015,
  booktitle = {\confvlhcc},
  publisher = {IEEE},
  pages = {3--12},
}

@inproceedings{ref:hill1992edit,
  title = {Edit wear and read wear},
  author = {Hill, William C. and Hollan, James D. and Wroblewski, Dave and McCandless, Tim},
  year = 1992,
  booktitle = {\confchi},
  publisher = {ACM},
  pages = {3--9}
}

@inproceedings{ref:hinckley2012informal,
  title = {Informal Information Gathering Techniques for Active Reading},
  author = {Hinckley, Ken and Bi, Xiaojun and Pahud, Michel and Buxton, Bill},
  year = 2012,
  booktitle = {\confchi},
  publisher = {ACM},
  pages = {1893--1896}
}

@inproceedings{ref:hullman2018improving,
  title = {Improving Comprehension of Measurements Using Concrete Re-Expression Strategies},
  author = {Hullman, Jessica and Kim, Yea-Seul and Nguyen, Francis and Speers, Lauren and Agrawala, Maneesh},
  year = 2018,
  booktitle = {\confchi},
  publisher = {ACM},
  note = {\paperno{34}}
}

@inproceedings{ref:jiang2018mathematics,
  title = {Mathematics Content Understanding for Cyberlearning via Formula Evolution Map},
  author = {Jiang, Zhuoren and Gao, Liangcai and Yuan, Ke and Gao, Zheng and Tang, Zhi and Liu, Xiaozhong},
  year = 2018,
  booktitle = {Proceedings of the International Conference on Information and Knowledge Management},
  publisher = {ACM},
  pages = {37--46}
}

@inproceedings{ref:jin2013mining,
  title = "Mining Scientific Terms and their Definitions: A Study of the {ACL} {A}nthology",
  author = "Jin, Yiping  and
      Kan, Min-Yen  and
      Ng, Jun-Ping  and
      He, Xiangnan",
  booktitle = "Proceedings of the Conference on Empirical Methods in Natural Language Processing",
  year = "2013",
  publisher = "Association for Computational Linguistics",
  pages = "780--790",
}

@inproceedings{ref:kelleher2005stencils,
  title = {Stencils-Based Tutorials: Design and Evaluation},
  author = {Kelleher, Caitlin and Pausch, Randy},
  year = 2005,
  booktitle = {\confchi},
  publisher = {ACM},
  pages = {541--550}
}

@inproceedings{ref:kim2016simplescience,
  title = {SimpleScience: Lexical Simplification of Scientific Terminology},
  author = {Kim, Yea-Seul and Hullman, Jessica and Burgess, Matthew and Adar, Eytan},
  year = 2016,
  booktitle = {Proceedings of the Conference on Empirical Methods in Natural Language Processing},
  publisher = {Association for Computational Linguistics},
  pages = {1066--1071}
}

@inproceedings{ref:kim2018facilitating,
  title = {Facilitating Document Reading by Linking Text and Tables},
  author = {Kim, Dae Hyun and Hoque, Enamul and Kim, Juho and Agrawala, Maneesh},
  year = 2018,
  booktitle = {\confuist},
  publisher = {ACM},
  pages = {423--434}
}

@inproceedings{ref:ko2009finding,
  title = {Finding Causes of Program Output with the Java Whyline},
  author = {Ko, Amy J. and Myers, Brad A.},
  year = 2009,
  booktitle = {\confchi},
  pages = {1569--1578},
  publisher = {ACM}
}

@inproceedings{ref:kocielnik2019will,
  title = {Will You Accept an Imperfect AI? Exploring Designs for Adjusting End-user Expectations of AI Systems},
  author = {Kocielnik, Rafal and Amershi, Saleema and Bennett, Paul N.},
  year = 2019,
  booktitle = {\confchi},
  publisher = {ACM},
  note={\paperno{411}}
}

@inproceedings{ref:kong2014extracting,
  title = {Extracting References Between Text and Charts via Crowdsourcing},
  author = {Kong, Nicholas and Hearst, Marti A. and Agrawala, Maneesh},
  year = 2014,
  booktitle = {\confchi},
  publisher = {ACM},
  pages = {31--40}
}

@inproceedings{ref:lin2011mathematical,
  title={Mathematical Formula Identification in PDF Documents},
  author={Lin, Xiaoyan and Gao, Liangcai and Tang, Zhi and Lin, Xiaofan and Hu, Xuan},
  booktitle={Proceedings of the International Conference on Document Analysis and Recognition},
  pages={1419--1423},
  year={2011},
  publisher={IEEE}
}

@inproceedings{ref:liu2015scientific,
  title = {Scientific Information Understanding via Open Educational Resources (OER)},
  author = {Liu, Xiaozhong and Jiang, Zhuoren and Gao, Liangcai},
  year = 2015,
  booktitle = {Proceedings of the International Conference on Research and Development in Information Retrieval},
  publisher = {ACM},
  pages = {645--654}
}

@inproceedings{ref:lo2020s2orc,
  title = "{S}2{ORC}: The Semantic Scholar Open Research Corpus",
  author = "Lo, Kyle  and
      Wang, Lucy Lu  and
      Neumann, Mark  and
      Kinney, Rodney  and
      Weld, Daniel S.",
  booktitle = "Proceedings of the Annual Meeting of the Association for Computational Linguistics",
  year = "2020",
  publisher = "Association for Computational Linguistics",
  pages = "4969--4983",
}

@inproceedings{ref:lungu2018aswe,
  title = {As We May Study: Towards the Web as a Personalized Language Textbook},
  author = {Lungu, Mircea F. and van den Brand, Luc and Chirtoaca, Dan and Avagyan, Martin},
  year = 2018,
  booktitle = {\confchi},
  publisher = {ACM},
  note = {\paperno{338}}
}

@inproceedings{ref:masson2020chameleon,
  title = {Chameleon: Bringing Interactivity to Static Digital Documents},
  author = {Masson, Damien and Malacria, Sylvain and Lank, Edward and Casiez, G{\'e}ry},
  year = 2020,
  booktitle = {\confchi},
  publisher = {ACM},
  note = {\paperno{432}}
}

@inproceedings{ref:ponsard2016paperquest,
  title = {PaperQuest: A Visualization Tool to Support Literature Review},
  author = {Ponsard, Antoine and Escalona, Francisco and Munzner, Tamara},
  year = 2016,
  booktitle = {\confchi},
  publisher = {ACM},
  pages = {2264--2271}
}

@inproceedings{ref:powley2009enriching,
  title = {Enriching a Document Collection by Integrating Information Extraction and PDF Annotation},
  author = {Powley, Brett and Dale, Robert and Anisimoff, Ilya},
  year = 2009,
  booktitle = {Document Recognition and Retrieval},
  publisher = {International Society for Optics and Photonics}
}

@inproceedings{ref:schilit1998beyond,
  title={Beyond Paper: Supporting Active Reading with Free Form Digital Ink Annotations},
  author={Schilit, Bill N. and Golovchinsky, Gene and Price, Morgan N.},
  booktitle={\confchi},
  publisher = {ACM},
  pages={249--256},
  year={1998}
}

@inproceedings{ref:qian2019beyond,
  title = {Beyond iTunes for Papers: Redefining the Unit of Interaction in Literature Review Tools},
  author = {Qian, Xin and Erhart, Matt J. and Kittur, Aniket and Lutters, Wayne G. and Chan, Joel},
  year = 2019,
  booktitle = {Proceedings of the Conference on Computer-Supported Cooperative Work and Social Computing},
  publisher = {ACM},
  pages = {341--346}
}

@inproceedings{ref:siegel2018extracting,
  title = {Extracting Scientific Figures with Distantly Supervised Neural Networks},
  author = {Siegel, Noah and Lourie, Nicholas and Power, Russell and Ammar, Waleed},
  year = 2018,
  booktitle = {Proceedings of the Joint Conference on Digital Libraries},
  publisher = {ACM},
  pages = {223--232}
}

@inproceedings{ref:tashman2011active,
  title = {Active Reading and Its Discontents: The Situations, Problems and Ideas of Readers},
  author = {Tashman, Craig and Edwards, W. Keith},
  year = 2011,
  booktitle = {\confchi},
  publisher = {ACM},
  pages = {2927--2936}
}

@inproceedings{ref:tashman2011liquidtext,
  title = {LiquidText: A Flexible, Multitouch Environment to Support Active Reading},
  author = {Tashman, Craig S. and Edwards, W. Keith},
  year = 2011,
  booktitle = {\confchi},
	publisher = {ACM},
  pages = {3285--3294}
}

@article{ref:tenopir2009electronic,
  title = {Electronic journals and changes in scholarly article seeking and reading patterns},
  author = {Tenopir, Carol and King, Donald W. and Edwards, Sheri and Wu, Lei},
  year = 2009,
  volume = 61,
  number = 1,
  booktitle = {Aslib Proceedings},
  publisher = {Emerald Group Publishing Limited},
  pages = {5--32}
}

@inproceedings{ref:yin2019understanding,
  title = {Understanding the Effect of Accuracy on Trust in Machine Learning Models},
  author = {Yin, Ming and Wortman Vaughan, Jennifer and Wallach, Hanna},
  year = 2019,
  booktitle = {\confchi},
  publisher = {ACM},
  note = {\paperno{279}}
}

@inproceedings{ref:yoon2014richreview,
  title = {RichReview: Blending Ink, Speech, and Gesture to Support Collaborative Document Review},
  author = {Yoon, Dongwook and Chen, Nicholas and Guimbreti{\`e}re, Fran{\c{c}}ois and Sellen, Abigail},
  year = 2014,
  booktitle = {\confuist},
  publisher = {ACM},
  pages = {481--490}
}

@inproceedings{ref:zeleznik2010hands,
  title = {Hands-On Math: A page-based multi-touch and pen desktop for technical work and problem solving},
  author = {Zeleznik, Robert and Bragdon, Andrew and Adeputra, Ferdi and Ko, Hsu-Sheng},
  year = 2010,
  booktitle = {\confuist},
	publisher = {ACM},
  pages = {17--26}
}

@inproceedings{ref:zellweger1998fluid,
  title = {Fluid Links for Informed and Incremental Link Transitions},
  author = {Zellweger, Polle T. and Chang, Bay-Wei and Mackinlay, Jock D.},
  year = 1998,
  booktitle = {Proceedings of the Conference on Hypertext and Hypermedia},
  publisher = {ACM},
  pages = {50--57}
}

@inproceedings{ref:zhang2008citesense,
  title = {CiteSense: Supporting Sensemaking of Research Literature},
  author = {Zhang, Xiaolong and Qu, Yan and Giles, C. Lee and Song, Piyou},
  year = 2008,
  booktitle = {\confchi},
	publisher = {ACM},
  pages = {677--680}
}

@inproceedings{ref:zimmerman2007research,
  title={Research Through Design as a Method for Interaction Design Research in HCI},
  author={Zimmerman, John and Forlizzi, Jodi and Evenson, Shelley},
  booktitle={\confchi},
  publisher={ACM},
  pages={493--502},
  year={2007}
}

@phdthesis{ref:roy2014evaluating,
  title = {Evaluating novel pedagogy in higher education: A case study of e-Proofs},
  author = {Roy, Somali},
  year = 2014,
  school = {Loughborough University}
}

@unpublished{ref:elifelens,
  title = {Seeing through the eLife Lens: A new way to view research},
  author = {eLife},
  year = 2013,
  url = {https://elifesciences.org/inside-elife/0414db99/seeing- through-the-elife-lens-a-new-way-to-view-research}
}

@misc{ref:fermatslibrary,
  url = {https://fermatslibrary.com/},
  note = {Last accessed September 16, 2020},
  key = {Fermat's Library}
}

@misc{ref:katex,
  url = {https://katex.org},
  note = {Last accessed September 16, 2020},
  key = {KaTeX}
}

@misc{ref:kindlewordwise,
  url = {https://www.amazon.com/b?ie=UTF8&node=17717476011},
  note = {Last accessed September 16, 2020},
  key = {Look Up Words, People, and Places While You Read}
}

@misc{ref:labella,
  url = {https://twitter.github.io/labella.js/},
  note = {Last accessed September 16, 2020},
  key = {Labella.js}
}

@misc{ref:materialui,
  url = {https://material-ui.com/},
  note = {Last accessed September 16, 2020},
  key = {Material-UI}
}

@misc{ref:mathjax,
  key = {MathJax},
  url={https://mathjax.org/},
  note={Last accessed January 8, 2021}
}

@misc{ref:mathml,
  title = {Mathematical Markup Language (MathML)},
  author = {Max Froumentin},
  url = {https://www.w3.org/Math/whatIsMathML.html},
  note = {Last accessed September 16, 2020}
}

@misc{ref:pdfjs,
  title = {pdf.js},
  author = {{Mozilla and individual contributors}},
  url = {https://mozilla.github.io/pdf.js/},
  note = {Last accessed September 16, 2020}
}

@misc{ref:peerlibrary,
  url = {https://peerlibrary.org/},
  note = {Last accessed September 16, 2020},
  key = {PeerLibrary}
}

@misc{ref:pubmed,
  url = {https://www.ncbi.nlm.nih.gov/pmc/articles/PMC4765694/},
  note = {Example document; Last accessed September 16, 2020},
  key = {PubMed}
}

@inproceedings{ref:pysbd,
    title = "{P}y{SBD}: Pragmatic Sentence Boundary Disambiguation",
    author = "Sadvilkar, Nipun  and Neumann, Mark",
    booktitle = "Proceedings of the Second Workshop for NLP Open Source Software",
    year = "2020",
    publisher = "Association for Computational Linguistics",
    pages = "110--114",
}

@misc{ref:scholarcy,
  url = {https://www.scholarcy.com/scholarcy-features/},
  note = {Last accessed July 24, 2020},
  key = {Scholarcy}
}

@misc{ref:sciencedirect,
  url={https://sciencedirect.com/science/article/pii/S0939388918301181},
  note={Example document; Last accessed September 16, 2020},
  key = {ScienceDirect}
}

@misc{ref:scihive,
  url = {https://start.scihive.org/},
  note = {Last accessed September 16, 2020},
  key = {SciHive}
}

@misc{ref:springer,
  url = {https://link.springer.com/chapter/10.1007/978-3-030-01424-7_27},
  note = {Example document; Last accessed September 16, 2020},
  key = {Springer}
}

@inproceedings{ref:veyseh2020joint,
  title={A Joint Model for Definition Extraction with Syntactic Connection and Semantic Consistency.},
  author={Veyseh, Amir Pouran Ben and Dernoncourt, Franck and Dou, Dejing and Nguyen, Thien Huu},
  booktitle={\confaaai},
  pages={9098--9105},
  year={2020},
  publisher={AAAI}
}

@inproceedings{ref:veyseh2020does,
  title = "What Does This Acronym Mean? Introducing a New Dataset for Acronym Identification and Disambiguation",
  author = "Pouran Ben Veyseh, Amir  and
      Dernoncourt, Franck  and
      Tran, Quan Hung  and
      Nguyen, Thien Huu",
  booktitle = "Proceedings of the International Conference on Computational Linguistics",
  year = "2020",
  publisher = "International Committee on Computational Linguistics",
  pages = "3285--3301"
}

@simpleonline{ref:vscode,
  url = {https://code.visualstudio.com/},
  note = {Last accessed September 16, 2020},
  key = {VSCode}
}

@online{ref:wikipediapagepreviews,
  title = {Page Previews},
  author = {{MediaWiki contributors}},
  url = {https://www.mediawiki.org/wiki/Page_Previews},
  note = {Last accessed September 16, 2020}
}

@inproceedings{ref:kang2020heddex,
    title = "Document-Level Definition Detection in Scholarly Documents: Existing Models, Error Analyses, and Future Directions",
    author = "Kang, Dongyeop  and
      Head, Andrew  and
      Sidhu, Risham  and
      Lo, Kyle  and
      Weld, Daniel  and
      Hearst, Marti A.",
    booktitle = "Proceedings of the First Workshop on Scholarly Document Processing",
    year = "2020",
    publisher = "Association for Computational Linguistics",
    pages = "196--206",
}
